3042 5134
552 571 744 637 Cuaomoon
767 569 795 637 Is
1157 570 1196 635 31

144 740 208 808 duo
222 741 375 828 Principia
390 740 610 828 dogmatizavit,
631 765 728 807 unum
747 741 863 808 bonum
882 746 913 807 et
930 740 1056 809 alterum
1075 739 1199 807 malum.

151 846 267 910 Contra
281 868 370 930 quem
385 845 536 910 luculente
550 844 667 930 scripsit
681 845 883 930 Augustinus.

185 947 316 1025 Probae,
334 948 461 1012 militari
487 948 623 1013 tumultu
637 948 844 1032 interemptus,
860 947 949 1012 cessit
964 947 1039 1011 Caro
1054 944 1196 1011 Narbon·

142 1050 650 1129 111127711111111111111111,
676 1057 707 1115 et
732 1050 889 1135 imperavit
913 1048 1031 1115 duobus
1058 1049 1156 1127 anuis,
1172 1054 1203 1112 et

145 1153 255 1217 accivit
270 1159 424 1217 consortes
438 1152 475 1216 ad
503 1152 665 1238 imperium
685 1151 766 1218 lilios
782 1174 861 1231 suos,
877 1152 1018 1217 Carinum
1033 1158 1064 1218 et
1088 1150 1204 1217 Nume-

145 1255 276 1319 rianum.
322 1255 381 1319 llle
406 1277 486 1332 vero,
501 1255 535 1319 iu
558 1254 637 1319 bello
661 1255 801 1319 Parthico
828 1254 953 1319 fulmine
976 1255 1064 1334 ictus,
1079 1254 1203 1319 interiit.

136 1358 350 1422 ‚Numerianus
365 1379 435 1421 vero
449 1357 526 1443 Apri
540 1358 633 1422 soceri
647 1358 695 1421 sui
708 1356 813 1421 fraude
827 1356 1001 1421 interfectus
1015 1363 1070 1421 est.

191 1461 252 1525 His
267 1460 410 1524 successit
420 1460 635 1538 Dioclesiauus,
651 1458 1201 1543 11111111111111111270,1111111-

145 1563 211 1627 avit
231 1563 317 1627 annis
343 1564 405 1628 fere
430 1566 481 1627 20.
535 1564 599 1628 Iste
619 1566 736 1648 Aprum
757 1585 850 1627 manu
865 1585 920 1627 sua
941 1562 1061 1641 occidit,
1076 1568 1106 1627 et
1121 1562 1204 1627 Cari-

146 1688 233 1744 num,
247 1664 370 1729 fratrem
381 1663 570 1743 Numeriani,
582 1665 732 1750 flagitiose
743 1665 908 1743 timentem,
919 1664 1003 1750 gravi
1017 1664 1119 1750 praelio
1134 1687 1205 1729 con·

145 1768 230 1831 fecit.
287 1767 352 1831 Iste
367 1768 424 1831 sibi
435 1767 542 1832 accivit
557 1767 670 1831 socium
697 1767 933 1832 commilitonem
948 1789 1047 1845 suum,
1064 1766 1205 1833 Maximi·

145 1891 240 1933 arrum
255 1868 444 1947 Herculium,
461 1891 550 1954 quem
564 1869 647 1933 misit
660 1869 694 1933 in
708 1868 821 1933 Gallias
837 1868 875 1933 ad
889 1868 1122 1954 expugnandum
1138 1892 1203 1933 rus·

145 1971 275 2035 tinorum
301 1971 460 2056 Bagaldas.
505 1971 565 2036 Sed
579 1972 611 2036 iu
625 1972 692 2056 ipso
706 1971 812 2036 itinere
827 1970 955 2037 Thebaea
977 1972 1055 2057 legio
1077 1972 1111 2035 in
1134 1970 1201 2037 loco

148 2074 265 2152 Galliae,
281 2096 300 2137 a
314 2074 422 2140 Gauno
436 2096 527 2159 super
541 2073 722 2138 Rhodanum
736 2074 875 2160 martyrio
887 2073 1039 2139 occubuit.
1085 2074 1204 2139 Horum

146 2177 229 2241 enim
244 2183 378 2261 tempore
403 2176 578 2261 gravissima
597 2178 790 2261 persequutio
809 2178 955 2241 intentata
976 2185 1020 2241 est
1036 2200 1088 2261 per
1104 2184 1204 2241 totum

145 2278 260 2343 orbem.
305 2279 415 2345 Edicto
430 2279 542 2365 quippe
565 2280 789 2364 promulgatum
807 2288 862 2358 est,
887 2286 922 2343 11
945 2302 1048 2343 omnes
1073 2280 1204 2343 ecclesiae

146 2380 298 2466 usquead
319 2382 417 2446 solum
440 2382 637 2459 diruerentur,
661 2391 692 2446 et
715 2381 878 2467 Scripturas
898 2380 1152 2459 comburerentur,
1174 2389 1205 2446 et

146 2486 244 2570 primo
267 2484 380 2569 praelati
406 2506 511 2547 eorum
533 2483 676 2547 sublimes
697 2489 880 2568 raperentur,
896 2489 960 2548 tam
974 2482 1088 2548 nobiles
1114 2505 1204 2567 quam

145 2586 308 2672 ignobiles,
325 2594 356 2651 11
370 2586 490 2651 demum
510 2587 575 2652 sine
592 2586 709 2651 delectu
732 2608 844 2665 omnes,
861 2587 914 2670 qui
936 2608 998 2650 non
1023 2586 1205 2671 abnegarent

145 2690 310 2767 Christum,
341 2690 373 2754 iu
393 2711 540 2753 carcerem
567 2687 806 2767 detruderentur,
822 2712 876 2752 uec
900 2689 1130 2768 dimitterentur,
1146 2690 1205 2753 nisi

145 2794 313 2859 sacrificare
327 2793 539 2857 consentirent.
583 2793 713 2857 Demum
729 2815 799 2857 vero
814 2792 917 2877 flagris
932 2798 962 2858 et
976 2793 1103 2878 flagellis
1118 2816 1205 2879 urge·

146 2894 271 2973 bantur,
287 2902 318 2958 et
341 2893 445 2959 bestiis
469 2892 695 2980 exponebantur
717 2901 748 2960 et
767 2896 867 2959 omnia
890 2896 992 2979 generi
1015 2918 1111 2980 poenae
1135 2895 1205 2960 sub·

144 2997 327 3083 jiciebantm
341 3003 377 3061 11
392 2996 600 3061 sacrificarent.

189 3101 301 3165 Passus
315 3105 362 3163 est
383 3120 417 3161 ea
432 3104 610 3184 tempestate
621 3096 814 3163 Marcellinus
829 3122 915 3185 papa,
931 3118 961 3165 et
976 3100 1079 3165 Romae
1096 3103 1202 3166 17000

146 3210 331 3287 martyrum,
369 3207 400 3265 et
413 3201 447 3264 in
461 3200 618 3265 Britannia
632 3200 779 3279 Albanus,
795 3204 906 3281 Aaron,
923 3209 953 3267 et
968 3203 1078 3268 Julius.
1124 3202 1204 3266 Dur·

148 3305 211 3369 avit
223 3306 325 3388 itaque
335 3302 525 3387 persequutio
540 3324 634 3387 usque
650 3302 689 3366 ad
705 3302 866 3388 septimum
882 3327 994 3368 annum
1006 3305 1113 3389 Magni
1126 3304 1205 3369 Con-

147 3406 282 3471 stantini.

190 3510 274 3573 Dum
290 3508 355 3571 haec
369 3513 531 3591 agerentur
545 3530 614 3593 erga
636 3508 797 3585 ecclesiam,
816 3508 913 3573 multa
927 3515 1032 3574 eontra
1044 3510 1205 3597 imperium

146 3612 285 3675 oriuntur
318 3610 463 3674 difficilia.
508 3610 600 3674 Unde
622 3610 853 3695 pervadentibus
875 3610 1006 3676 barbaris
1035 3614 1203 3699 imperium,

146 3712 356 3778 Dioclesianus
371 3712 591 3777 Maximianum
607 3714 791 3779 Herculeum
805 3714 876 3778 lecit
896 3716 1080 3799 Augustum.
1126 3717 1205 3781 Con·

146 3815 296 3879 stantium
310 3836 380 3877 vero
395 3822 426 3878 et
440 3814 661 3879 Maximianum
675 3816 829 3881 Galerium
841 3816 915 3880 iecit
929 3816 1068 3897 Caesares,
1085 3819 1205 3883 tradens

145 3916 325 3981 Constantio
347 3915 535 3981 Theodoram
561 3917 703 3983 Herculei
730 3918 909 3982 Maximiani
932 3918 1034 3997 liliam,
1064 3926 1095 3984 et
1121 3943 1205 3985 suam

145 4019 268 4083 nomine
283 4018 433 4082 Valeriam
449 4018 634 4084 Maximiano
649 4019 780 4085 Galerio.
825 4019 928 4085 Divisa
947 4021 1042 4105 igitur
1061 4023 1205 4087 sollicitu-

146 4122 216 4186 dine
230 4120 358 4205 imperii,
373 4120 491 4186 facilius
506 4121 642 4187 vicerunt
657 4123 690 4187 in
705 4122 855 4207 aliquibus
871 4123 953 4201 locis,
964 4130 995 4188 et
1008 4124 1040 4189 iu
1055 4125 1205 4211 aliquibus

145 4225 218 4288 victi
234 4230 315 4287 sunt.
361 4224 492 4288 Demum
506 4247 577 4289 vero
588 4225 797 4290 Dioclesianus
813 4232 843 4289 et
854 4224 1057 4291 Maximianus
1071 4230 1205 4315 Augusti

146 4335 263 4411 partem
273 4327 389 4412 imperii
404 4328 615 4412 deposuerunt,
626 4336 657 4393 et
672 4329 782 4415 privati
797 4328 902 4412 degere
918 4338 1081 4413 eoeperunt.
1126 4334 1205 4398 Con·
