3042 5134
324 537 386 600 las
722 535 870 600 Eanunrr
913 535 1018 600 Nrenr

320 716 438 780 sororis.
483 715 585 802 Hujus
606 723 741 802 tempore
763 717 947 784 Mahimetus
964 719 1237 805 pseudo-propheta
1254 722 1412 806 cpilenpti-

321 837 374 881 cns
389 817 426 881 de
440 839 549 901 genere
563 818 672 883 Ismael
686 819 806 883 seduxit
817 821 949 904 repp‘uarn
965 819 1098 884 Arabum
1114 828 1144 885 et
1158 821 1254 888 duxit.
1314 823 1411 887 Dixit-

321 939 380 1002 que
405 939 437 982 se
458 941 522 983 esse
545 921 670 984 mnsam
695 943 714 984 a
735 921 802 985 Deo
826 930 862 985 ut
881 921 977 1005 legem
1003 923 1062 986 Dei
1083 923 1233 987 mentibus
1259 923 1415 988 hominnm

318 1021 469 1098 insereret,
491 1041 582 1104 quam
602 1021 661 1086 sibi
682 1045 701 1086 a
721 1022 860 1087 Gabriele
892 1023 1012 1088 allatum
1035 1024 1072 1088 de
1094 1025 1168 1089 coelo
1188 1026 1334 1090 mentitus
1359 1033 1416 1090 est

316 1121 488 1204 statuitque
519 1123 770 1186 circumcisionem
799 1123 866 1188 lien
896 1123 1004 1188 debere
1032 1143 1111 1188 anno
1141 1126 1312 1190 nativitatis
1340 1130 1411 1190 140.

318 1221 465 1288 Processu
482 1245 552 1288 vero
571 1225 713 1308 temporis
726 1245 822 1308 quum
837 1225 946 1308 saepias
959 1225 1117 1289 elideretur
1130 1225 1168 1289 ed
1183 1232 1302 1304 terram,
1326 1228 1411 1292 uxori

316 1343 435 1388 eausam
452 1326 605 1409 quaerenti,
628 1323 671 1388 ait
683 1347 715 1388 se
731 1345 792 1388 nen
805 1347 892 1408 posse
906 1327 1051 1389 sustinere
1072 1325 1174 1390 lumen
1189 1325 1342 1392 Gabrielis
1355 1328 1412 1392 sibi

317 1427 411 1510 legem
423 1433 453 1490 et
466 1426 542 1492 velle
555 1426 614 1491 Dei
628 1427 810 1490 nausiantis.
862 1427 982 1491 Peritua
995 1427 1054 1491 fnit
1063 1428 1220 1512 utriusque
1230 1429 1415 1505 testamenti,

316 1534 347 1591 et
373 1527 468 1593 edidit
504 1524 676 1604 Alchoram,
703 1527 734 1590 id
765 1533 812 1590 cst
839 1526 1050 1591 collectaneum
1080 1535 1306 1611 praeceptorum,
1332 1529 1410 1592 sicut

315 1630 479 1692 instructus
499 1635 561 1691 erat
578 1627 739 1711 aquodam
757 1627 875 1700 Judeu,
892 1634 922 1692 et
943 1651 962 1691 a
977 1629 1080 1712 Sergio
1105 1629 1249 1692 monacho
1273 1635 1411 1712 apostata

313 1726 503 1794 Nestorisue
526 1729 658 1806 heresis,
682 1734 716 1793 ut
743 1727 858 1792 Judaeis
881 1735 969 1812 atque
995 1729 1172 1793 Christianis
1198 1729 1235 1794 dc
1263 1729 1332 1813 lege
1358 1753 1412 1794 sua

312 1829 497 1913 suscipienda
514 1828 630 1892 facilius
652 1828 852 1912 persuaderet,
877 1831 947 1912 quia
967 1851 1001 1892 ex
1032 1839 1158 1913 utraque
1179 1829 1244 1914 lege
1267 1830 1406 1914 quedam

313 1931 477 1996 ceremonia
495 1931 529 1995 in
541 1929 612 2014 lege
623 1951 678 1994 sua
691 1931 838 2014 apposuit.
898 1930 987 1994 Unde
1002 1930 1039 1994 de
1054 1930 1158 2014 Moyse
1173 1937 1203 1994 et
1218 1931 1255 1994 de
1271 1930 1404 1995 Domino

315 2032 391 2096 Jesu
411 2031 534 2096 Christo
563 2031 745 2095 mentionem
766 2031 837 2094 iacit
870 2031 981 2108 dicens,
1013 2032 1181 2096 Dominum
1210 2031 1317 2097 Jesum
1346 2033 1409 2096 iore

311 2135 410 2198 filium
427 2134 486 2198 Dei
503 2133 726 2216 maximumque
745 2132 878 2196 omnium
900 2131 1124 2216 prophetarum,
1145 2131 1198 2196 sed
1224 2153 1289 2196 non
1309 2133 1409 2217 ipsum

310 2235 375 2300 iore
403 2236 512 2310 Deum,
540 2234 587 2298 vel
615 2235 693 2318 patri
720 2232 873 2317 aequalem,
906 2239 1013 2316 utpote
1041 2233 1208 2297 trinitatem
1241 2232 1409 2316 abnegans,

314 2344 347 2401 et
376 2357 477 2401 omnes
499 2333 640 2399 articulos
661 2334 733 2398 fidei
763 2333 915 2398 catholice
944 2340 974 2397 et
1002 2333 1199 2398 ecclesiastica
1224 2340 1408 2397 sacramenta
1507 2375 1508 2378 κ

313 2458 450 2523 perversa
458 2436 699 2522 interpretatione
709 2435 904 2500 confundens.
949 2435 1025 2505 Quas
1039 2435 1159 2499 haeresis
1170 2433 1280 2499 diaboli
1294 2435 1406 2500 machi·
1507 2439 1508 2444 ’

313 2541 433 2604 natione
457 2545 609 2622 concepta,
639 2544 671 2601 ct
695 2556 749 2622 per
776 2537 857 2601 hune
883 2536 993 2601 diaboli
1016 2537 1172 2600 satellitem
1198 2535 1402 2610 disseminata,

312 2641 415 2704 multis
426 2641 486 2723 jam
501 2640 586 2703 annis
597 2638 659 2701 iere
673 2645 766 2702 totam
784 2639 886 2702 Asiam
902 2659 934 2701 ac
953 2643 1048 2701 totam
1064 2637 1197 2700 Africam
1211 2659 1282 2700 cum
1297 2659 1405 2720 magna

310 2748 394 2825 parte
425 2739 576 2823 Hispaniae
603 2736 716 2816 iniecit,
740 2740 833 2822 major
854 2759 889 2803 ac
910 2738 1079 2803 diuturnior
1103 2737 1216 2801 cacteris
1240 2737 1405 2802 heresibus

310 2841 449 2905 existens.
509 2838 639 2902 Heraclii
678 2839 825 2922 siquidem
855 2846 986 2923 tempore
1024 2839 1235 2922 languescente
1267 2839 1404 2903 Romano

310 2941 434 3026 imperio
449 2938 581 3003 Arabum
596 2939 725 3003 surrexit
739 2940 922 3022 principatus
942 2939 993 3023 qni
1012 2940 1066 3003 hac
1081 2946 1164 3023 peste
1178 2961 1231 3023 per
1246 2938 1406 3002 Mahume·

310 3054 375 3107 tum
397 3063 498 3126 regem
517 3041 554 3105 de
568 3039 678 3105 Mecha
690 3041 793 3104 iniecti
806 3047 889 3104 erant
898 3067 907 3117 ;
924 3041 976 3124 qui
996 3040 1073 3104 sient
1095 3040 1212 3123 imperii
1238 3039 1404 3103 dominium

311 3144 517 3220 dilataverunt,
542 3141 585 3205 ita
613 3147 644 3204 et
673 3141 754 3204 hunc
781 3161 907 3204 errorem
938 3141 971 3203 in
1001 3139 1135 3203 subditos
1165 3139 1404 3204 transfuderunt.

312 3243 438 3308 Clarent
455 3242 560 3307 beatus
571 3238 706 3306 Isidorus
720 3241 905 3325 Hispalensis
920 3246 950 3304 et
965 3245 1084 3304 sanctus
1099 3239 1267 3304 Audcenus
1283 3241 1402 3304 Bothe·
1506 3289 1507 3324 3

312 3347 445 3430 magonis
464 3345 603 3428 episcopi.
1506 3327 1507 3346 ¹

353 3446 394 3510 In
409 3445 557 3528 Hispania
574 3443 674 3507 Judaei
687 3442 775 3507 inviti
795 3441 1033 3507 Christianantur
1052 3441 1107 3505 sub
1128 3461 1197 3524 rege
1221 3441 1403 3522 Degobertu

356 3545 516 3609 Heraclius
539 3544 615 3608 vidit
636 3544 670 3607 iu
692 3546 779 3607 astris
799 3566 922 3628 regnum
943 3565 1029 3607 suum
1050 3542 1260 3606 acircumcisis
1283 3549 1402 3606 vastan-

311 3648 393 3724 dum,
416 3653 445 3710 el
467 3644 619 3708 mandavit
632 3644 804 3728 Dagoberto
819 3645 881 3728 regi
894 3651 930 3708 ut
945 3643 966 3708 J
967 3644 1068 3708 udaeos
1082 3644 1116 3707 in
1139 3643 1262 3707 Francia
1275 3643 1401 3707 Christi-

309 3749 391 3815 anari
404 3746 600 3831 compelleret.
645 3745 735 3816 Quod
752 3753 784 3809 et
794 3747 906 3810 factum
915 3754 969 3809 est.
1013 3745 1149 3810 &cacani
1166 3751 1266 3808 autern
1277 3744 1401 3809 circnm-

309 3849 363 3916 cisi
382 3848 459 3914 illud
471 3855 670 3923 vastaverunt,
685 3853 716 3910 et
734 3846 761 3910 O
777 3845 863 3909 millia
880 3845 1114 3911 Christianorum
1125 3845 1308 3910 occiderunt
1352 3845 1400 3908 De

308 3951 441 4017 exercitu
461 3949 550 4013 etiam
569 3947 700 4011 Heraclii
724 3950 765 4010 52
783 3946 877 4011 millia
898 3947 1005 4030 apertis
1027 3947 1121 4030 portis
1135 3946 1250 4030 Caspiis
1269 3945 1402 4009 iniectis

307 4059 426 4116 mortua
439 4050 561 4114 iuventa
574 4054 655 4112 sunt.
699 4047 771 4117 Quo
786 4046 887 4111 dolore
901 4046 1057 4111 Heraclius
1072 4067 1173 4112 amens
1186 4045 1285 4110 iactus
1298 4045 1404 4110 incidit

306 4151 461 4219 inlectam
484 4149 593 4215 doloris
608 4154 639 4213 et
652 4154 788 4214 mortuus
805 4154 860 4212 est.
