3042 5134
321 417 382 484 114
761 410 908 478 mouns
923 410 1027 476 Neam

326 581 415 662 bilis;
447 588 543 648 morte
581 585 751 665 praeventos
789 578 849 644 luit
878 577 983 662 majori
1011 575 1168 642 homiuum
1197 575 1312 644 danim
1345 597 1431 659 quam

325 707 380 752 suo
402 684 517 752 morbo·
572 682 732 748 l‘aoondus
752 689 880 765 utraque
909 680 1023 765 lingua,
1053 678 1128 744 obiit
1157 701 1237 748 suno
1267 680 1341 745 ritae
1372 701 1431 746 aaa

327 801 433 867 XLII.
1229 861 1231 866 .

373 919 674 988 VMOOLXXVIII.
717 919 813 984 'larus
839 938 1012 982 mruanvm
1036 937 1132 982 sauss
1158 916 1205 994 Π,
1223 935 1334 980 nurus
1356 915 1432 979 Vsa-

788 1058 928 1102 Pssmur.
940 1039 962 1080 l

364 1209 380 1242 ⁸
391 1208 449 1261 'l'be
462 1208 597 1278 following
609 1216 773 1262 noteoccurs
782 1209 846 1260 here
858 1208 886 1260 in
900 1209 944 1260 the
960 1207 1072 1275 original
1087 1205 1126 1257 M.

376 1294 496 1348 Josuues
509 1295 555 1348 111
568 1295 658 1349 scribit
677 1295 809 1364 episcopis
821 1294 974 1346 Germaniae
988 1301 1014 1344 et
1027 1292 1125 1344 Galliae
1140 1309 1146 1342 :
1162 1291 1189 1342 Si
1203 1291 1300 1344 Petrus
1312 1290 1438 1360 princeps

330 1381 510 1452 apostolorum
523 1381 672 1452 adjutorem
692 1382 743 1434 sibi
753 1380 867 1436 adscivit
881 1381 977 1432 Linum
990 1387 1017 1430 et
1032 1378 1144 1441 cletum,
1165 1387 1328 1432 nontamen
1351 1386 1438 1446 potes-

329 1476 410 1521 tatem
423 1468 553 1538 pontificii
566 1477 613 1522 aut
623 1466 724 1536 ligandi
738 1478 784 1519 aut
797 1467 918 1520 solvendi
931 1483 1053 1518 normam
1067 1465 1101 1518 iis
1107 1465 1217 1518 tradidit
1228 1464 1277 1516 sad
1290 1465 1436 1518 successori

330 1571 377 1605 suo
390 1552 528 1617 Clementi,
542 1554 588 1622 qui
599 1552 688 1606 sedern
702 1552 884 1622 Apostolicam
895 1561 956 1624 post
971 1569 1031 1603 eum
1045 1560 1071 1604 et
1081 1558 1238 1620 potestatem
1252 1551 1437 1620 pontificalem

328 1638 451 1692 tradente
463 1638 513 1691 sibi
528 1639 606 1690 beato
621 1639 698 1690 Petro
708 1647 798 1690 tenere
810 1637 967 1708 promeruit.
988 1637 1069 1688 Linm
1082 1655 1146 1688 vero
1159 1645 1185 1688 et
1197 1635 1289 1688 Cletus
1302 1636 1436 1688 ministra-

329 1724 396 1776 bant
403 1724 549 1775 exteriora:
562 1725 687 1793 princeps
696 1731 786 1775 autern
797 1724 976 1794 apostolorum
987 1723 1081 1774 Petrus
1093 1723 1174 1774 verbo
1188 1730 1214 1772 et
1227 1723 1345 1774 orationi
1354 1723 1436 1774 insta-

329 1809 384 1861 bat.
430 1809 499 1862 itam
520 1809 666 1861 Gratianus
678 1809 705 1860 in
729 1811 914 1880 paragrapho:
930 1809 1003 1860 Illud
1025 1818 1113 1860 autem
1136 1807 1208 1859 beati
1228 1807 1302 1860 Petri
1328 1809 1364 1860 ab
1383 1808 1435 1860 illis

331 1894 404 1948 valet
414 1895 442 1946 ia
454 1904 641 1963 argumentum
651 1895 749 1950 mumi
761 1896 808 1964 qui
818 1896 898 1948 talem
911 1895 961 1950 sibi
971 1894 1136 1946 substituunt
1146 1893 1254 1961 qualem
1267 1893 1320 1946 sibi
1333 1911 1437 1947 moces·

334 1997 420 2034 sorem
432 1981 526 2033 beatus
538 1981 632 2035 Petrus
644 1982 776 2052 quaesivit.

370 2063 467 2117 Beatus
481 2065 554 2118 Beda
578 2066 605 2118 in
628 2067 839 2138 Martyrologio:
863 2067 967 2119 Natalis
989 2065 1079 2118 Sancti
1100 2065 1245 2118 Clementis
1259 2065 1381 2136 episcopi
1394 2065 1437 2136 qui

332 2151 427 2204 tertius
439 2169 455 2202 a
472 2152 551 2204 beato
570 2152 649 2205 Petro
670 2153 800 2206 Romanae
823 2153 944 2205 ecclesiae
965 2151 1149 2224 pontificatum
1163 2151 1248 2202 tenuit
1262 2160 1289 2203 et
1313 2153 1364 2203 sub
1380 2169 1437 2221 per·

335 2238 493 2306 aequatione
505 2237 614 2307 Traiani
635 2239 662 2291 in
685 2255 758 2294 mare
772 2239 953 2308 praecipitatus
974 2239 1100 2306 martyrio
1121 2245 1272 2289 coronatur,
1323 2231 1401 2290 ld'em
1412 2237 1437 2288 in

336 2323 433 2376 eodem
446 2343 453 2376 :
467 2324 572 2376 Natalis
593 2324 664 2376 beati
692 2324 751 2376 Lini
775 2342 854 2394 papae
879 2325 925 2393 qui
948 2331 1010 2394 post
1034 2324 1140 2376 Petrum
1164 2323 1264 2391 primus
1286 2322 1436 2374 Romanam

336 2409 478 2464 eeclesiam
489 2411 575 2462 tenmt
586 2410 665 2462 annis
678 2414 711 2463 12
722 2419 750 2464 et
761 2410 888 2480 martyrio
901 2419 1042 2462 coronatus
1054 2409 1173 2478 sepultus
1185 2419 1225 2460 eat
1234 2408 1261 2459 in
1276 2408 1418 2460 Vaticano.

378 2495 500 2549 Joannes
509 2496 673 2549 Faventinus
685 2497 825 2566 episcopus
837 2515 917 2568 super
926 2496 998 2548 hunc
1010 2497 1099 2548 locum
1112 2497 1192 2548 dicit:
1217 2497 1245 2546 Sr
1268 2495 1382 2548 Pennus
1393 2512 1436 2548 rra

336 2582 384 2634 &c
422 2581 528 2633 Dicitur
549 2581 593 2632 hic
608 2582 679 2650 quod
694 2583 787 2635 Petrus
807 2601 862 2636 non
877 2583 1014 2634 substituit
1036 2583 1085 2634 sibi
1102 2583 1199 2634 Linum
1212 2581 1253 2634 vel
1269 2581 1378 2636 Cletum
1391 2582 1435 2634 sed

336 2675 439 2719 tantum
448 2665 613 2719 Clementem
625 2686 631 2718 ε
643 2667 747 2720 videtur
754 2678 843 2721 tamen
855 2669 1039 2721 contradicere
1048 2669 1166 2720 Historia
1178 2668 1383 2721 Ecclesiastico:
1394 2669 1438 2720 ha-

336 2752 414 2804 betur
423 2752 493 2803 enim
503 2751 531 2803 in
544 2751 664 2821 praefntae
677 2753 797 2807 historiae
811 2755 880 2807 libro
890 2757 967 2808 tertio
978 2753 1066 2825 quod:
1079 2753 1202 2806 Secundo
1212 2772 1285 2805 anno
1296 2756 1376 2823 regni
1385 2755 1436 2806 Titi

337 2837 421 2889 Linus
431 2837 504 2906 apud
519 2838 633 2890 Romam
646 2841 748 2908 accepit
760 2841 951 2910 episcopatum,
966 2842 1011 2911 qui
1023 2841 1293 2892 l2annistransactis
1303 2858 1438 2892 successo-

336 2939 393 2979 rem
402 2921 505 2978 Clomm
512 2923 627 2992 reliquit,
638 2925 720 2994 quiet
731 2926 789 2996 ipse
803 2929 836 2977 12
845 2928 923 2979 annis
934 2927 1034 2978 exactis
1045 2927 1072 2978 in
1083 2928 1236 2996 episcopatu
1247 2926 1394 2979 sacerdotii
1403 2945 1441 2979 se·

336 3007 398 3061 dem
410 3010 541 3062 Clementi
553 3011 670 3064 tradidit.
682 3013 735 3066 Sed
747 3014 885 3068 sciendum
898 3024 937 3068 est
951 3016 1022 3084 quod
1036 3017 1128 3068 Petrus
1142 3016 1258 3084 primum
1271 3015 1323 3067 sibi
1336 3033 1440 3070 succes-

337 3112 421 3147 sorem
451 3095 613 3149 Clementem
638 3099 782 3162 constituit,
799 3102 844 3169 qui
858 3112 919 3170 post
942 3111 1052 3154 mortem
1077 3101 1147 3154 Petri
1163 3103 1292 3154 continuo
1314 3103 1438 3172 pontifex

333 3180 440 3245 resedit,
455 3181 524 3234 Lino
537 3191 564 3234 et
576 3184 650 3236 Cleto
673 3185 749 3254 quasi
766 3186 964 3256 coadjutoribus
986 3195 1011 3240 et
1034 3187 1160 3239 ministris
1173 3188 1224 3239 sibi
1236 3187 1437 3250 adsistentibus,

337 3266 478 3320 transactis
492 3268 661 3337 postmodum
676 3273 710 3321 20
722 3278 750 3322 et
761 3288 793 3322 eo
806 3272 919 3340 amplius
932 3274 1017 3336 annis,
1033 3272 1102 3324 sicut
1113 3274 1141 3324 in
1161 3275 1278 3342 gestibus
1302 3273 1439 3326 Romano-

338 3368 398 3402 rum
408 3352 564 3421 pontificum
576 3354 681 3423 legitur,
696 3365 817 3410 metuens
830 3358 882 3411 nisi
903 3359 995 3428 spiritu
1009 3367 1100 3411 sancto
1112 3359 1206 3429 plenus
1219 3360 1244 3411 S.
1259 3359 1388 3414 Clemens
1408 3377 1441 3411 ne

339 3437 497 3506 Apostolica
509 3438 640 3492 ordinatio
661 3443 775 3510 posteris
788 3445 912 3496 transiret
933 3446 960 3496 in
987 3446 1090 3508 vitium,
1106 3445 1179 3499 dum
1194 3445 1302 3516 quidam
1323 3447 1441 3500 haeredi·
1514 3475 1515 3478 ¹

337 3527 437 3589 tarium
448 3540 544 3576 munus
555 3534 679 3594 putantes
693 3529 780 3581 minus
793 3531 825 3582 de
839 3531 886 3582 Dei
898 3532 1045 3600 cogitarent
1058 3531 1202 3596 electione;
1214 3532 1285 3583 unde
1298 3540 1326 3583 et
1335 3532 1440 3586 Cletum

336 3611 449 3679 priorem
475 3611 502 3661 in
517 3611 671 3680 episcopatu
685 3625 747 3666 ante
761 3634 789 3667 se
803 3618 890 3686 coegit
904 3619 1059 3686 pontificari,
1073 3627 1167 3688 postea
1180 3619 1232 3670 illis
1253 3637 1301 3688 per
1314 3621 1441 3672 successi·

338 3713 417 3748 onem
439 3697 467 3749 in
490 3697 643 3767 episcopatu
658 3700 798 3766 defunctis,
812 3705 857 3773 qui
869 3714 979 3772 quartus
992 3723 1007 3756 a
1021 3705 1099 3758 Petro
1123 3707 1276 3758 cathedram
1295 3708 1396 3770 tenuit,
1417 3717 1441 3761 et

337 3781 376 3835 ita
388 3781 439 3834 luit
451 3783 574 3837 Clemens
592 3786 724 3838 secundus
734 3796 762 3840 et
782 3797 890 3858 quartus
904 3808 919 3840 a
935 3791 1021 3853 Petro,
1035 3791 1168 3842 secundus
1186 3809 1233 3860 per
1258 3792 1331 3844 Petri
1353 3793 1443 3847 electi-

339 3872 427 3933 onem,
442 3879 554 3940 quartus
563 3888 611 3940 per
622 3875 789 3942 sequentium
801 3879 1005 3930 successionem.
1019 3879 1078 3930 Hoc
1093 3879 1163 3930 idem
1177 3881 1285 3948 probari
1298 3891 1389 3951 potest
1398 3901 1443 3953 per

338 3954 423 4006 multa
434 3956 551 4026 capitula
572 3957 747 4025 decretorum,
761 3963 789 4012 in
809 3963 904 4032 quibus
924 3974 1086 4016 memoratur
1099 3967 1267 4021 consecratio
1294 3967 1441 4026 Clementis

338 4058 386 4110 per
395 4041 502 4096 beatum
516 4041 632 4094 Petrum.
