3042 5134
490 516 679 586 Canusinos
695 516 723 585 1.
1129 525 1168 589 71

66 685 337 775 longiusavolaret.
382 687 538 765 Praeterea,
548 687 731 773 aquisgrani
742 687 844 773 palatii
852 696 973 763 tremor,
984 696 1014 755 et
1029 690 1170 757 assiduus

63 791 279 875 laqueariorum
299 791 442 877 crepitus,
464 798 495 856 et
509 791 645 855 excussio
672 791 749 856 tholi
763 792 835 857 recti
848 793 937 878 juxta
951 793 1113 874 basilicam,
1132 801 1165 858 et

67 894 172 959 deletio
197 894 380 979 titulique
406 900 511 959 auctor
535 893 629 959 luisse
654 892 785 961 basilica
811 894 1037 975 inscribebatur,
1061 896 1168 962 vicinae

67 997 167 1061 mortis
196 997 310 1061 iudicia
342 996 568 1081 portenderunt.
613 996 691 1061 Haec
719 1004 818 1062 autem
848 999 949 1063 omnia
979 998 1169 1063 dissimulans

16 1127 18 1132 >
68 1099 138 1161 mira
155 1121 231 1163 cura
252 1104 283 1163 et
309 1098 474 1183 diligentia,
494 1105 707 1164 testamentum
729 1101 858 1167 coniecit
868 1129 878 1183 3
901 1103 933 1167 in
957 1126 1017 1189 quo
1040 1102 1170 1169 haeredes

69 1201 235 1279 constituit,
251 1207 281 1263 et
296 1201 406 1265 amicos
420 1208 452 1265 et
473 1200 628 1267 ministros
640 1201 725 1287 larga
739 1224 830 1269 manu
845 1206 1022 1286 muneravit,
1038 1212 1068 1270 et
1084 1206 1171 1271 mira·

67 1302 117 1366 bili
138 1304 318 1388 provisione,
333 1325 433 1368 rernm
457 1303 614 1368 mobilium
629 1305 707 1369 facta
729 1306 881 1391 tripartita
895 1306 1049 1387 divisione,
1072 1328 1123 1373 eas
1137 1310 1171 1373 in

71 1406 132 1490 pias
155 1428 263 1471 causas
286 1407 457 1491 assignavit.
502 1407 639 1472 Decessit
662 1429 733 1493 ergo
753 1430 833 1473 anno
848 1409 918 1473 vitae
942 1432 1003 1474 suae
1032 1409 1174 1489 LXXII,
1288 1448 1291 1457 .

68 1509 149 1592 regni
179 1510 229 1573 sui
266 1508 402 1589 XLVII,
432 1508 471 1573 ab
501 1509 713 1575 Incarnatioue
745 1510 967 1591 DOOOXIIII,
999 1512 1169 1577 Indictiona

69 1619 180 1694 quarta,
191 1610 224 1674 V
239 1612 376 1677 mleudas
391 1610 578 1679 Februarias.

109 1730 217 1795 Romae
232 1732 376 1796 successit
389 1730 485 1796 Iconi
500 1731 669 1817 Stephanus
686 1736 819 1817 quartus,
836 1738 866 1796 et
878 1732 905 1797 ei
918 1732 1077 1799 Paschalis.
1122 1734 1170 1799 Eo

69 1838 201 1918 tempore
245 1834 350 1898 floruit
393 1835 523 1898 Sanctus
550 1834 705 1920 AEgidius.
764 1836 954 1921 Nicephorus
985 1836 1124 1916 crudelis,
1140 1844 1171 1901 et

66 1957 179 2015 avarus,
210 1937 369 2021 imperavit
396 1936 483 2001 VIII
512 1958 618 2016 annos,
648 1944 679 2002 et
707 1936 829 2002 clericos
851 1950 882 2002 et
903 1961 1036 2024 quosque
1059 1940 1166 2004 divites

66 2040 195 2103 oneravit
226 2039 358 2104 tributis
404 2039 542 2104 &cundo
571 2061 650 2104 anno
679 2040 831 2105 coronavit
857 2041 1044 2105 Stauracium
1066 2040 1165 2105 lilium

69 2163 163 2207 suum.
210 2142 254 2206 In
282 2142 365 2207 omni
393 2140 472 2207 bello
494 2148 649 2228 superatus
672 2148 727 2219 est,
750 2148 781 2205 et
804 2141 924 2207 demum
945 2143 1060 2207 tributa
1082 2143 1171 2209 solvit

66 2245 167 2309 Aaron
186 2248 201 2328 ΙΙ
236 2246 301 2329 regi
332 2244 486 2324 Arabnm3
525 2251 556 2309 et
578 2251 683 2330 postea
705 2244 821 2310 occisus
850 2250 905 2322 ast,
936 2252 967 2310 et
996 2246 1169 2311 stauracius

66 2346 251 2412 vulneratus.
280 2346 319 2411 Ei
334 2355 452 2411 mortuo
467 2347 599 2412 Michael
612 2347 795 2433 curopalates
805 2348 957 2425 successit,
967 2353 997 2412 et
1011 2347 1169 2431 imperavit

69 2448 187 2515 duobus
206 2451 304 2514 annis.
348 2450 397 2514 Ah
411 2450 469 2515 hoc
489 2450 591 2535 exegit
611 2450 823 2535 Nicephorusp
839 2449 1005 2535 patriarcha
1027 2449 1172 2534 scriptum

68 2553 197 2636 propriae
242 2574 349 2617 manus
393 2552 431 2617 de
473 2552 546 2633 fide,
574 2558 604 2617 et
647 2552 776 2617 mundas
819 2572 925 2617 manus
965 2572 983 2615 a
1026 2551 1173 2631 sanguine

66 2654 312 2719 orthodoxorum.
355 2654 487 2719 Domum
499 2654 599 2719 iactus
613 2660 658 2719 sst
672 2655 834 2739 munificus
849 2660 880 2719 et
901 2654 934 2718 in
956 2654 1069 2719 clerum
1091 2660 1122 2719 et
1137 2653 1172 2719 in

68 2756 215 2835 militiam,
226 2765 265 2821 et
277 2756 556 2843 Theriphylaotum*
570 2758 669 2823 filium
683 2780 771 2822 suum
785 2759 937 2822 coronavit
950 2758 1133 2841 Augustum.

109 2858 157 2921 Eo
172 2865 310 2943 tempore
325 2858 541 2944 Hierosolymis
554 2859 620 2924 loca
638 2866 740 2923 sancta
761 2858 918 2945 profanata
935 2867 1020 2933 sunt.
1066 2860 1170 2931 Quum

67 2960 145 3026 bellu
192 2962 290 3027 victum
331 2963 457 3027 redisset
485 2962 625 3041 Michael,
655 2964 753 3027 iactus
781 2969 827 3029 est
855 2963 1014 3048 imperator
1044 2963 1166 3047 quidam

67 3061 225 3128 Leontius.
270 3064 312 3128 Et
326 3064 466 3144 Michael,
480 3064 539 3129 hoc
561 3064 694 3138 audiens,
714 3065 834 3151 fugiens
849 3065 887 3130 ad
908 3065 1072 3145 ecclesiam,
1095 3065 1169 3129 iecit

71 3187 102 3229 sc
115 3166 310 3231 monachum.

109 3286 159 3350 Ilo
181 3300 316 3371 tempore
337 3285 466 3350 divisum
487 3291 533 3350 est
559 3286 786 3351 sarracenorum
806 3308 943 3372 regnum.
987 3284 1171 3363 Ludovicus,

107 3592 118 3649 tt
133 3587 252 3656 Maon]
276 3588 361 3640 called
373 3586 465 3659 hythe
479 3588 620 3653 Arabicus,
634 3588 754 3641 Hauoun
769 3607 802 3641 sn
815 3589 947 3654 Ruscaru,
959 3588 1055 3657 Culiph
1065 3590 1097 3641 of
1104 3586 1173 3660 Bag·

71 3671 132 3735 dud,
148 3691 200 3726 one
215 3672 246 3725 of
255 3673 300 3726 the
313 3682 381 3726 most
393 3681 487 3743 potent
497 3674 552 3726 aud
564 3673 700 3728 fortunate
712 3674 853 3728 monarcha
868 3675 899 3727 os
907 3674 951 3727 the
964 3674 1102 3727 Saracena.

106 3794 123 3825 ⁸
141 3794 405 3864 Tnaoruruscron]
419 3795 485 3847 This
498 3796 520 3847 is
531 3796 634 3866 plainly
647 3813 663 3848 a
675 3797 832 3862 misnomer3
852 3797 895 3850 for
912 3796 947 3849 all
964 3796 1009 3850 the
1020 3795 1174 3849 authorities

73 3896 113 3931 we
127 3879 200 3932 have
213 3879 353 3933 consulted
365 3881 417 3933 call
429 3882 482 3934 this
492 3880 622 3952 Emperor
628 3881 813 3936 Tuuorarsvs.
834 3882 878 3936 He
886 3882 1032 3935 succeeded
1039 3881 1081 3934 his
1088 3881 1176 3933 father

71 3965 202 4030 Michael,
213 3983 284 4019 suno
296 3970 357 4019 829.

107 4089 121 4147 ς
142 4085 337 4154 Nrcuruosus]
351 4085 416 4140 This
428 4086 561 4157 patriarch
571 4104 625 4140 was
632 4088 729 4144 author
738 4088 770 4144 of
776 4106 810 4143 an
821 4088 989 4159 abridgmeut
997 4087 1027 4140 of
1033 4084 1176 4139 Universal

72 4170 192 4243 estorp,
205 4171 291 4224 called
305 4172 448 4225 Hrsroarsr
462 4174 652 4227 Baevraurusr.
