3042 5134
187 478 192 490 .
306 401 370 464 lla
732 395 881 460 Rarum
904 379 1008 460 Nrcni

304 569 477 656 presbyteri.
501 566 682 652 Polycarpm
693 566 915 651 Smyrnaeorum
929 565 989 630 iuit
1000 564 1134 641 antistes,
1151 563 1282 647 scriptor
1291 567 1415 628 uotum

303 671 385 737 boati
406 669 554 735 Johannis
576 668 787 752 Evangelistae,
811 689 899 751 quem
922 667 1053 751 imperiti
1081 666 1210 731 eundem
1240 671 1415 730 autumant.

304 774 393 840 Idem
409 793 489 837 error
501 777 548 836 est
571 771 609 836 de
630 770 803 834 Valentino.
862 769 979 854 Magna
992 769 1162 854 pestilentia
1178 789 1232 853 per
1246 767 1354 832 orbern
1369 768 1415 830 in-
1495 839 1496 844 .

306 876 413 940 valuit.
458 875 663 938 Romanorum
674 873 821 936 exercitus
836 871 963 936 vallatus
977 869 1117 936 hostibus
1140 873 1281 936 invocato
1297 869 1412 934 Christi

305 978 427 1042 nomine
441 977 574 1062 pluviam
588 975 730 1039 obtinuit.
788 975 918 1040 Heresis
932 975 1021 1040 latrat
1035 975 1264 1058 Catatrigarum,
1283 975 1415 1036 auotori-

305 1079 363 1146 bus
386 1080 545 1157 Montano,
561 1077 705 1155 Priscilla,
721 1077 900 1156 Maximilla,
916 1076 1086 1142 dicentibus
1102 1077 1248 1162 Spiritum
1264 1075 1413 1138 &netum

306 1184 340 1247 iu
370 1205 402 1248 se
432 1183 534 1259 fuisse,
564 1203 626 1246 nou
652 1182 686 1245 in
715 1180 880 1265 apostolis.
924 1181 1009 1244 Pessi
1039 1189 1112 1244 sunt
1142 1179 1266 1264 Septem
1296 1176 1413 1242 iratres

306 1284 428 1350 (darent
458 1285 621 1369 Dionysius
652 1284 877 1348 Corinthiorum
913 1284 1071 1368 episcopus
1105 1290 1137 1348 st
1157 1285 1354 1367 computista,
1384 1289 1419 1344 et

307 1388 573 1473 historiographus,
612 1392 642 1452 et
671 1386 784 1450 Fronto
814 1386 923 1462 rhetor,
963 1385 1109 1450 Aristides
1139 1385 1411 1473 historiographus,

308 1491 464 1576 Oppianus
474 1491 605 1568 Atticus,
621 1487 814 1572 Hegesippus
827 1489 1094 1573 historiographus.
1124 1486 1221 1552 Hune
1232 1487 1414 1576 Dionysium

187 1619 190 1623 ’
308 1593 395 1657 multi
427 1600 558 1656 errantes
587 1613 728 1675 magnum
766 1590 945 1675 Dionysium
980 1591 1196 1675 Areopagitatn
1229 1591 1414 1656 estimarunt.

309 1695 425 1760 Dicunt
439 1695 517 1758 enim
541 1715 684 1778 magnum
705 1695 919 1778 Areopagitam
946 1693 1133 1758 occidentem
1155 1715 1216 1758 non
1232 1695 1412 1779 ingressum.

308 1797 484 1862 Antoninus
498 1803 529 1860 et
542 1795 726 1860 Commodus
739 1793 910 1860 moriuntur
924 1796 1088 1882 apoplexia.
1161 1795 1222 1860 Hio
1237 1797 1415 1861 Antoninos

308 1899 444 1984 regnavit
463 1921 533 1962 cum
546 1897 618 1962 tiliis
633 1899 756 1963 Aurelio
772 1905 802 1962 et
816 1899 922 1963 Lucio.

351 2001 658 2068 VMCCCLXXVII.
702 2004 891 2066 Annonrnus
907 2021 1086 2067 rnrnnnrr'r
1100 2023 1198 2068 suuis
1215 2005 1267 2068 19.

352 2105 495 2171 Aurelius
523 2105 706 2170 Commodus
735 2107 852 2169 conctis
885 2106 1092 2170 incommodus
1129 2107 1297 2191 imperavit,
1329 2111 1412 2191 patre

309 2206 518 2286 detractoris
531 2207 702 2272 luxuriosus
715 2213 747 2270 et
761 2205 917 2272 obscenus.
948 2207 1130 2292 Capitolium
1138 2213 1297 2272 crematur.
1335 2207 1411 2272 'lhe-
1495 2243 1496 2250 ξ

309 2310 433 2375 odotion
447 2310 592 2395 interpres
607 2309 645 2374 de
657 2309 786 2374 Hebraeo
797 2311 829 2374 in
845 2310 984 2374 Graecum
996 2311 1080 2374 LIII
1095 2333 1173 2374 anno
1184 2317 1253 2394 post
1265 2311 1410 2394 Aquilam

310 2419 444 2498 tempore
457 2411 613 2476 Commmi
627 2411 728 2476 claret.
774 2411 858 2476 Sedit
874 2413 979 2476 Victor
993 2433 1080 2496 papa,
1096 2407 1147 2496 qui
1162 2407 1326 2477 concilium
1341 2435 1410 2476 oon-

310 2515 445 2600 gregsvit
467 2515 500 2578 in
525 2515 666 2579 Caesaraea
694 2513 873 2594 Pslaestinae,
904 2514 1007 2578 habits
1031 2515 1196 2598 quaestione
1221 2514 1259 2578 de
1285 2514 1410 2590 Pascha,

311 2616 397 2682 annis
429 2618 479 2694 10,
509 2614 661 2678 mensibus
690 2621 721 2692 2,
752 2615 857 2680 diebus
887 2616 927 2680 X.
974 2615 1056 2680 Huic
1096 2616 1222 2680 concilio
1250 2615 1413 2680 interfuere

311 2719 470 2784 Narcissus
499 2717 767 2802 lerosolymitauus
794 2719 969 2804 patriarcha,
996 2718 1180 2802 Theophilus
1209 2718 1410 2797 Caesariensis,

311 2821 445 2886 Ireuaeus
468 2818 683 2902 Lugdunensis
705 2817 952 2905 archiepiscopus.
997 2821 1104 2885 Victor
1123 2821 1197 2884 Ater
1217 2821 1326 2885 statuit
1346 2843 1412 2886 vass

311 2920 507 2986 ecclesiastica
522 2920 628 2986 debere
645 2944 709 2986 esse
723 2941 821 3000 aurea,
846 2930 876 2986 st
893 2930 1032 3008 argentea
1052 2923 1083 2990 iu
1099 2924 1295 3010 pauperrimis
1320 2924 1411 2988 eccle

313 3023 375 3087 siis.
419 3022 601 3088 Commodus
614 3024 819 3106 strangulatus
835 3024 872 3088 ab
888 3025 970 3090 AElio
984 3025 1126 3110 praeisoto
1140 3027 1172 3089 in
1188 3025 1278 3090 domo
1286 3026 1411 3090 Vestali.

356 3124 535 3190 &nonus
549 3146 724 3192 rurnnavrr
737 3147 835 3190 ansus
851 3126 940 3190 XIII
952 3155 960 3206 3
977 3147 1081 3193 rmus
1097 3130 1248 3192 Annum.

336 3243 482 3396 fflAElius
517 3247 658 3311 Pertinax
694 3245 802 3311 scelere
839 3245 952 3310 Juliani
982 3247 1152 3332 legisperiti
1192 3243 1346 3311 occiditur
1381 3247 1411 3310 in

312 3353 338 3418 p·
380 3333 432 3396 tio.

379 3432 584 3498 VMCCCXC.
642 3434 756 3500 AEtrus
795 3453 971 3498 rnrnusvrr
1003 3453 1162 3498 nnusrsns
1199 3435 1272 3513 VI;
1309 3453 1411 3500 murus

766 3535 930 3600 Connonr.

358 3636 499 3702 Julianus
525 3637 605 3721 apud
637 3647 758 3721 pontem
784 3639 934 3703 Melinum
962 3639 1039 3703 bello
1069 3641 1148 3704 civili
1175 3646 1223 3704 est
1249 3641 1408 3706 extinctus.

315 3739 434 3805 Clareut
472 3740 608 3804 Clemens
636 3741 869 3820 Menandrinus,
898 3741 1061 3821 Pantheus,
1092 3739 1213 3807 Flavius
1242 3743 1410 3820 Airioanus,

315 3841 473 3906 Musianus
488 3842 727 3928 historiographi.

357 3946 378 4011 J
381 3965 502 4011 unraun
517 3966 691 4011 russanum
705 3967 864 4012 mannans
879 3948 1003 4012 &moer
1015 3973 1025 4026 3
1043 3947 1191 4012 Snnrron
1205 3967 1371 4014 rnnnnsus.

360 4051 485 4116 Severum
507 4072 614 4134 genere
636 4050 709 4116 Ater
730 4073 767 4116 ex
788 4053 910 4116 nomine
937 4051 1027 4136 Helyi
1050 4052 1108 4116 ulti
1128 4050 1240 4118 dieitur
1262 4049 1411 4118 Pertinax.
