3042 5134
358 549 420 610 130
771 545 915 610 Renum
937 543 1041 608 Nronr

356 717 430 778 Post
451 715 532 778 hunc
547 713 729 778 Bonilnsius
776 713 950 796 Postquam
967 711 1132 775 Celestious
1155 711 1207 794 qui
1228 708 1350 795 gradale
1364 712 1444 775 iusti-

356 820 424 896 tuit,
448 825 478 881 et
500 817 580 880 misit
603 815 768 880 Palladium
791 816 821 879 in
842 815 971 878 Scotiam
988 813 1155 898 praedicare.
1202 813 1349 896 Reliquiae
1374 813 1445 878 beati
1510 811 1511 842 ³

356 921 498 1005 Stephani
520 921 647 982 inventae
669 925 748 982 sunt.
793 917 892 980 Claret
913 915 1016 979 beatus
1040 917 1240 1000 Augustinus,
1286 916 1384 978 Roma
1411 914 1443 979 ab

355 1024 472 1088 Alarico
488 1042 556 1104 rege
571 1020 672 1084 Gotho
697 1028 784 1102 capta
798 1025 854 1096 est,
871 1040 960 1101 quern
983 1019 1135 1081 Honorius
1150 1041 1217 1081 cnm
1235 1017 1299 1080 aliis
1316 1017 1444 1102 tyrannia

353 1125 461 1188 occidit
479 1123 612 1207 [turbine
627 1122 717 1199 venti,
734 1128 842 1206 etpost
858 1121 1007 1185 Ravennae
1020 1121 1136 1184 deiecit.
1147 1121 1184 1202 A]
1209 1120 1309 1184 Olaret
1330 1120 1443 1183 Cassio·

357 1227 447 1289 dorus
462 1223 625 1310 patriarcha
636 1224 829 1287 Bizanzenus.

409 1327 630 1391 VMDCXXV.
688 1325 857 1390 Houoarus
886 1346 1061 1389 rurnaavrr
1089 1345 1187 1388 naurs
1216 1325 1297 1402 XX3
1330 1343 1448 1388 suarna

822 1428 973 1490 Aacnnrr.

401 1536 530 1597 Sanctus
569 1531 703 1595 Arrianus
733 1529 888 1613 episcopus
929 1529 1160 1606 Aurelianensis,
1194 1528 1319 1612 juvante
1360 1525 1446 1590 Ethio

358 1637 481 1720 patricio
501 1642 531 1698 et
552 1634 726 1698 Tursomere
752 1654 821 1716 rege
843 1631 1021 1706 Gothorum,
1038 1630 1234 1693 Aurelianum
1257 1628 1394 1692 defendit
1412 1627 1445 1691 ab

357 1740 452 1802 Attila
474 1739 548 1802 duce
564 1735 757 1800 Hunnorum.
814 1736 871 1799 His
894 1735 1077 1819 temporibus
1095 1735 1126 1798 in
1143 1733 1256 1797 Vetas?
1272 1733 1387 1796 lactum
1406 1739 1447 1794 est

358 1842 529 1904 miraculum
545 1840 581 1903 de
597 1839 691 1902 tribus
706 1841 802 1923 guttis
829 1861 917 1922 super
932 1839 1032 1914 altare,
1055 1860 1122 1921 quae
1144 1838 1237 1901 unitae
1258 1858 1350 1900 unam
1368 1857 1444 1920 gem-

355 1965 434 2006 mam
448 1943 550 2018 fecere,
566 1963 626 2024 qua
640 1942 721 2004 cruci
735 1943 887 2024 impressa,
907 1940 1040 2022 reliquiae
1055 1946 1127 2003 sunt
1142 1939 1272 2002 emulsae.
1330 1937 1446 2002 Clareut

354 2051 476 2108 sanctus
505 2043 633 2106 Ellirlius
662 2043 809 2118 Alvernae,
845 2050 876 2105 et
903 2049 1022 2106 sanctus
1056 2042 1222 2109 Germanus
1251 2041 1444 2118 Autisiodon',
1494 2103 1496 2110 .

354 2153 385 2209 et
410 2153 531 2210 sauctus
556 2145 719 2210 Mamertus
747 2144 872 2207 Viennae
895 2143 1060 2228 episcopua.
1108 2144 1283 2207 Amantium
1314 2144 1446 2228 sepulcra

355 2255 426 2311 snut
455 2249 584 2312 inventa.
645 2246 872 2310 Valentinianus
900 2267 991 2329 nepos
1031 2243 1191 2308 Theodosii
1219 2245 1256 2307 lit
1294 2243 1394 2308 Caesar
1421 2253 1448 2308 et

354 2349 525 2412 Jobannem
548 2357 706 2433 tyrannum
729 2347 878 2410 Raveunae
900 2346 1017 2410 occidit.
1062 2345 1182 2408 Dormit
1204 2345 1308 2409 beatus
1335 2346 1447 2409 Jeroni-

356 2475 422 2516 mus
443 2474 521 2516 anno
542 2451 702 2516 Theodosii
723 2450 799 2514 XlI.
861 2449 931 2512 Huc
962 2470 1053 2531 usqne
1083 2447 1262 2524 Alexander,
1294 2447 1447 2533 Sulpitins,

357 2554 528 2638 Frigidilius
545 2561 712 2637 protraxere
732 2551 895 2616 historiam.
942 2549 1071 2614 Haeresis
1086 2549 1172 2612 latrat
1189 2549 1220 2612 N
1222 2551 1371 2614 estoriana
1379 2550 1448 2614 duas

358 2655 519 2737 praedicans
539 2675 688 2736 personas,
704 2654 762 2716 Dei
782 2661 811 2717 et
827 2653 964 2716 hominis·
1001 2653 1127 2715 Sanctus
1145 2651 1327 2714 Eustachius
1341 2651 1450 2715 Turoni

358 2755 552 2840 pontificatur
559 2781 569 2832 3
585 2755 635 2818 hic
648 2755 719 2820 lecit
733 2755 887 2819 ecclesiam
904 2755 1037 2818 Gervasii
1052 2761 1083 2816 et
1097 2755 1255 2818 Prothasii.

690 2857 741 2920 ur
758 2877 901 2920 unvauru
918 2858 1111 2919 Anauonuu.

401 2958 483 3021 Gens
499 2959 648 3023 Saxonum
664 2959 847 3022 Britanniam
859 2957 1002 3042 applicuit
1013 2979 1080 3020 cum
1090 2956 1185 3020 tribus
1200 2958 1299 3042 longis
1315 2958 1452 3035 navibus,

360 3066 390 3123 et
413 3059 509 3123 tribus
524 3059 681 3143 generibus
696 3060 861 3136 hominurn,
886 3059 1013 3122 ducibus
1035 3059 1134 3122 Horso
1157 3069 1186 3122 et
1206 3058 1368 3142 Hengisto,
1390 3084 1452 3145 qun

358 3185 432 3247 gens
460 3163 582 3246 paganis
611 3162 717 3226 ritibus
746 3161 843 3225 adhuc
882 3159 991 3238 dedita,
1016 3166 1107 3223 totam
1138 3159 1394 3226 Christianitatem
1422 3163 1451 3225 iu

359 3264 456 3328 insula
478 3287 553 3348 pene
574 3286 627 3348 per
649 3263 862 3327 successionem
886 3270 1057 3347 temporum
1088 3261 1269 3339 deleverunt,
1299 3270 1452 3349 totamque

360 3374 465 3430 terram
482 3367 510 3428 vi
528 3374 558 3428 et
573 3365 642 3429 dolo
657 3365 834 3442 obtinentes,
851 3363 990 3428 Britones
1007 3363 1190 3428 Christianos
1206 3363 1242 3427 de
1257 3365 1319 3428 suis
1335 3367 1452 3430 sedibus

357 3467 539 3550 effugarunt.
584 3467 801 3550 Applicucrunt
830 3486 898 3530 vero
919 3467 951 3530 iu
978 3466 1161 3529 Britanniam
1188 3488 1266 3529 anno
1292 3467 1331 3531 ab
1360 3469 1451 3532 incar-

358 3568 478 3631 natione
493 3567 616 3631 Domini
630 3571 705 3644 442,
722 3590 799 3630 anno
819 3568 979 3632 Theodosii
994 3568 1178 3651 imperatoris
1197 3570 1247 3644 15,
1263 3577 1410 3651 regnante
1422 3569 1453 3633 in

360 3669 515 3732 Britannia
545 3668 724 3753 Vortigerno
754 3693 823 3753 rege
853 3670 1022 3747 Britonum,
1052 3671 1103 3753 qui
1134 3685 1254 3753 gentem
1285 3672 1453 3754 praedictam

359 3773 438 3834 intra
451 3771 578 3834 insulam
592 3773 711 3856 recepit,
727 3772 828 3855 eisque
849 3772 933 3836 locus
950 3772 1139 3835 habitationis
1154 3770 1191 3834 ad
1208 3772 1254 3834 sni
1275 3795 1454 3857 suorumque

359 3875 517 3959 perniciem
530 3875 685 3938 concessit.
729 3875 814 3938 Tunc
828 3883 948 3938 sarrctus
964 3875 1129 3938 Germanus
1146 3874 1417 3939 Autissiodorensis
1427 3886 1455 3938 et

360 3986 479 4042 sanctus
509 3976 613 4060 Lupus
642 3977 829 4040 Trecacensis
867 3977 999 4062 episcopi
1039 3975 1224 4039 Britanniam
1264 3997 1371 4041 venere
1403 3999 1454 4062 pro

397 4179 412 4208 ’
423 4177 479 4259 The
490 4179 575 4230 trords
588 4180 615 4232 in
627 4180 748 4232 brackets
762 4197 806 4232 are
819 4181 930 4234 omitted
944 4180 970 4232 in
987 4179 1045 4231 MS.
1058 4179 1125 4247 Bag.
1140 4178 1194 4240 xiii,
1206 4186 1231 4241 a,
1248 4181 1290 4230 12.
