3042 5134
552 442 742 506 Cnnourcorr
761 441 806 504 ΙΙ.
1054 464 1056 468 ·
1145 442 1203 504 131

100 617 206 684 haeresi
223 616 383 700 Pelagiaua
402 615 543 693 tollenda,
560 622 591 679 et
608 614 757 679 Alleluiah
776 621 930 678 cantantes
951 613 1080 676 hostium
1102 613 1203 677 multi·

99 721 238 785 tudinem
266 719 298 782 in
327 719 490 782 eaecitatem
529 723 749 781 converterunt.
809 715 949 779 Eudoxio
984 715 1086 779 attulit
1121 717 1201 779 boias

101 825 198 888 sancti
220 823 301 886 Petri
323 821 360 885 ab
384 822 587 906 Jerosolymis.
644 821 727 884 Sedit
755 821 857 884 Sixtus
889 821 970 904 Papa
998 820 1113 896 tertius,
1147 817 1202 884 sub

99 949 159 1011 quo
183 925 336 1009 Ephesiae
358 925 452 1008 prima
472 924 509 1009 fit
532 924 669 1008 Synodus
692 923 741 988 00
760 929 878 1008 patrum
896 932 999 987 contra
1014 922 1199 986 Nestorium.

99 1027 181 1092 Huic
210 1027 347 1091 interfuit
375 1026 502 1110 Cyrillus
525 1026 690 1109 patriarcha
713 1024 940 1096 Alexandrinus,
970 1033 1000 1087 et
1028 1023 1197 1086 Archadius

97 1131 225 1195 Italicus
239 1130 364 1214 legatus,
380 1136 411 1192 et
433 1128 586 1192 Boethius.
619 1128 702 1192 Sedit
719 1128 781 1190 Leo
797 1128 877 1210 Papa
892 1127 996 1189 tertius
1010 1126 1203 1189 homelizator

97 1233 151 1318 qni
168 1233 226 1296 tria
247 1232 335 1296 verba
354 1231 471 1294 addidit
490 1231 523 1293 in
545 1252 668 1306 canone,
684 1231 769 1294 annis
786 1231 837 1306 21,
855 1251 957 1292 manse
976 1231 1004 1303 l,
1026 1227 1133 1291 diebus
1149 1231 1200 1290 18.

99 1338 232 1400 Sanetus
262 1336 412 1399 Martinus
441 1357 478 1398 ex
506 1334 565 1398 hoc
594 1333 693 1397 seculo
726 1332 875 1416 migravit,
905 1353 983 1395 anno
1019 1355 1036 1395 a
1066 1331 1202 1414 passione

102 1438 230 1502 Domini
244 1441 319 1502 413.

144 1539 343 1605 VMDOLII.
388 1542 591 1604 'Parenosros
609 1559 785 1603 rnrnnavrr
806 1557 903 1600 asnis
929 1536 1073 1600 XXVII:
1098 1555 1202 1600 rrmns

383 1629 558 1690 Ancnuma
604 1625 668 1688 Hro
684 1645 775 1688 raom
790 1623 945 1687 Oourcnn.

21 1736 24 1740 '
142 1727 329 1813 chilpericus
351 1751 403 1792 rex
424 1752 440 1792 a
459 1729 580 1792 Francis
602 1735 648 1791 est
669 1727 799 1804 electus,
824 1727 876 1809 qui
898 1725 957 1788 fuit
977 1724 1147 1788 luxuriosus
1170 1691 1221 1786 in

100 1837 252 1894 matronas
282 1839 312 1894 et
353 1831 523 1914 Thoringiae
554 1853 653 1914 regem
683 1830 835 1892 Bissinum
865 1827 960 1913 petiit.
1021 1826 1201 1890 Sublevatur

98 1932 241 2016 AEgidius
264 1934 416 1997 Romanus
436 1935 576 2014 magister
597 1932 735 2006 militum,
756 1931 809 1995 sed
834 1937 992 2015 postquam
1015 1929 1201 2014 Ohifpericus

98 2037 198 2113 rediit,
215 2035 354 2120 AEgidius
371 2043 485 2119 aparte
507 2037 591 2119 regni
608 2035 776 2118 deponitur.
822 2033 1007 2116 Ohilpericus
1018 2031 1202 2095 Clodovenm
1313 2125 1315 2128 Υ

99 2137 215 2222 genuit.
272 2138 393 2200 Dormit
422 2137 559 2222 Ypponae
590 2143 710 2200 sanctus
740 2135 941 2219 Augustinus,
972 2141 1039 2218 post
1068 2133 1203 2218 sepultus

101 2239 246 2304 Sardinae.
276 2239 373 2302 Claret
390 2239 531 2303 Sidonius
546 2239 739 2302 Alvernensis
754 2239 921 2322 episeopus.
938 2237 1029 2300 Hune
1042 2235 1101 2298 duo
1117 2257 1198 2319 pres-

98 2341 197 2426 byteri
208 2341 356 2418 arcebant,
373 2342 424 2405 sed
443 2364 520 2404 nnus
535 2343 682 2425 ejecturus
698 2364 764 2404 eum
782 2339 881 2404 emisit
896 2339 1068 2422 posteriora.
1101 2338 1198 2412 Alter,

99 2467 136 2509 eo
158 2451 287 2521 mortuo,
311 2443 382 2507 dum
404 2445 435 2507 in
450 2444 516 2507 loco
537 2445 601 2527 ejus
625 2443 738 2508 sederet
753 2443 791 2505 ad
807 2465 919 2507 coenarn
935 2442 1074 2524 pincerna
1089 2440 1204 2503 somnia

99 2555 240 2610 narrante
262 2547 332 2629 quia
356 2568 426 2609 enm
448 2545 589 2609 Sidonius
611 2544 737 2609 vocabat
757 2544 795 2608 ad
814 2543 959 2628 judicium
983 2551 1051 2606 ante
1071 2541 1203 2626 judicem

96 2654 236 2712 mortuus
253 2656 307 2710 est.
364 2648 433 2711 Orti
449 2657 520 2711 sunt
535 2648 649 2711 heriani
665 2670 720 2732 pro
732 2647 858 2710 mortuis
874 2668 933 2709 non
948 2644 1156 2720 sacrificantes,
1173 2650 1203 2706 et

97 2751 239 2815 Eraeh‘tae
266 2751 428 2814 monachos
458 2751 634 2832 recipientes
663 2757 694 2814 et
723 2750 864 2834 conjugia
888 2756 1069 2833 respuentes,
1094 2769 1202 2832 pueros

98 2853 196 2917 salvos
229 2860 380 2936 negantes.
440 2853 577 2937 Synodus
608 2853 867 2916 Chalcedoniensis
907 2851 1070 2914 celebratur
1099 2857 1201 2913 contra

98 2955 230 3019 Dnticen
253 2963 284 3018 et
303 2955 481 3019 Dioscorum
502 2956 649 3018 dicentem
664 2955 738 3019 male
757 2955 793 3017 de
811 2955 929 3017 homine
945 2959 1105 3036 assumpto.
1153 2951 1201 3014 Ibi

96 3057 158 3121 fuit
174 3057 319 3119 Boethius
332 3063 363 3120 et
378 3060 473 3120 cetra
499 3058 638 3140 episcopi.
696 3057 796 3121 Refert
811 3065 911 3119 antem
935 3054 1114 3118 Anathohus
1130 3055 1199 3136 quia

97 3161 371 3224 excommunicatus
392 3160 450 3223 fuit
465 3161 637 3236 Dioscorus,
654 3182 714 3222 non
737 3181 792 3242 pro
808 3159 911 3222 haeresi
925 3157 958 3219 in
977 3157 1047 3232 fide,
1065 3155 1115 3218 sed
1132 3159 1201 3238 quia

101 3263 372 3326 excommunicarat
392 3263 521 3326 Leonem
547 3263 668 3345 Papam.
713 3259 1043 3342 Constantinopolitana
1059 3257 1155 3321 adhuc
1170 3279 1202 3320 se

99 3365 226 3450 primam
250 3364 361 3428 sciebat
382 3363 542 3428 ecelesiam.
598 3365 725 3428 Sanctus
749 3363 915 3426 Germanus
938 3359 1200 3437 Antisiodorensis,

101 3473 274 3531 consecrata
296 3474 399 3530 sancta
421 3467 590 3545 Genoveva,
614 3467 688 3530 obiit
705 3467 873 3542 Ravennae3
888 3487 995 3548 corpus
1011 3463 1140 3527 delatum
1156 3470 1202 3525 est

99 3569 338 3633 Autisiodorum.
385 3571 479 3632 Erant
501 3577 629 3653 quatuor
652 3569 757 3632 fratres
779 3569 811 3631 in
839 3567 1012 3650 Burgundia
1034 3589 1070 3630 ex
1093 3587 1200 3650 genere

97 3671 211 3736 Alarici
221 3671 410 3754 Westegothi
423 3672 515 3755 ipsam
533 3695 584 3756 per
596 3672 766 3735 tetrarchias
780 3670 954 3748 dividentes,
974 3668 1200 3746 Gundebaldus,

98 3774 280 3842 Godesifius,
298 3774 495 3848 Godomarns,
508 3776 691 3838 Childerious
701 3782 784 3858 pater
796 3774 957 3837 Clothildis
969 3773 1089 3856 reginae,
1112 3793 1200 3854 quem

98 3876 317 3943 Gundehaldns
340 3874 457 3941 oceidit.
489 3879 585 3962 Caput
614 3879 756 3962 Baptistae
785 3885 829 3940 est
848 3877 1005 3938 inventum
1037 3871 1196 3936 aduobus

97 3979 274 4055 monachis;
291 3977 327 4041 de
343 3980 405 4062 ejus
422 3980 594 4044 inventione
610 3980 703 4043 multa
716 3981 904 4064 reperiuntur
913 3977 1068 4041 contraria.

141 4063 386 4129 VMDCLVHL
429 4064 623 4129 itinerarius
640 4065 930 4213 anvttlannnoranus
951 4079 1197 4126 insusurrante

570 4171 669 4214 annis
735 4193 741 4206 ·
