3042 5134
319 479 381 540 luo
728 477 873 542 Raoumr
895 477 999 542 Nraar

320 667 388 730 qnoe
402 645 464 709 sint
476 653 529 711 ant
549 646 696 732 voluptati
716 647 816 732 legere
830 656 883 712 ant
898 647 995 713 cultui
1016 647 1134 733 legisse,
1157 656 1211 714 aut
1228 650 1303 714 usui
1326 651 1423 714 memi-

320 748 420 812 nisse:
443 749 622 812 estimationi
639 750 797 833 paucitatis
817 757 974 814 coturnare
996 750 1134 835 porricio,
1150 773 1188 814 ne
1203 774 1270 818 rara
1286 753 1426 818 nobilitas

322 873 339 912 a
362 871 455 934 grege
479 850 708 914 tumultuosiere
729 851 876 924 turbetur,
897 852 950 915 sed
976 851 1058 935 quod
1077 850 1196 916 videtur
1220 852 1374 917 absonum
1397 855 1427 917 in

322 975 411 1016 uuam
445 953 511 1015 soni
533 953 721 1017 concordiam
745 955 827 1018 salva
848 955 1019 1019 innocentia
1040 955 1202 1040 redigatur.
1250 957 1351 1020 utin
1383 957 1428 1020 his

321 1055 441 1138 quidem
462 1055 537 1118 nihil
551 1056 705 1138 antiquius
718 1055 751 1119 in
767 1056 849 1119 silvae
864 1057 1030 1139 congeriem
1047 1056 1184 1129 demitto,
1199 1057 1278 1121 nihil
1297 1057 1427 1142 pruden-

319 1155 402 1219 tibus
422 1156 453 1218 in
476 1156 636 1219 saturnalia
664 1157 770 1220 seriata
792 1179 829 1220 ex
851 1157 953 1220 multis
973 1156 1136 1241 cespitibus
1158 1159 1259 1223 elicita
1289 1161 1428 1244 propino.

323 1257 398 1320 Haec
420 1280 487 1322 cum
511 1257 672 1342 dryadibus
693 1259 802 1322 ruralia
824 1257 911 1322 nobis
932 1260 1007 1336 ocia,
1030 1260 1095 1323 haec
1116 1261 1196 1324 inter
1216 1262 1301 1344 algas
1316 1261 1430 1325 mellita

320 1359 448 1432 bellaria,
472 1361 493 1401 ll
515 1361 580 1424 lraec
601 1360 679 1424 inter
703 1360 863 1424 amfractus
889 1368 973 1445 grata
998 1361 1155 1445 symposia,
1182 1384 1250 1446 qnae
1278 1385 1318 1425 ex
1345 1363 1429 1426 caeeis

318 1463 498 1544 ignorantiae
523 1462 652 1526 abducta
675 1469 706 1526 et
729 1463 902 1526 edecumata
928 1462 1071 1540 latibulis,
1109 1463 1273 1547 multisque
1300 1464 1430 1528 deducta

322 1565 492 1641 sudoribus,
516 1571 693 1648 eapropter
715 1565 853 1649 explicui,
877 1571 911 1628 ut
933 1565 1061 1628 moriens
1079 1566 1232 1649 superstiti
1254 1567 1429 1629 memoriale

322 1667 477 1752 deponam.
522 1668 568 1731 Ex
594 1689 654 1751 quo
674 1668 757 1751 quasi
786 1667 822 1730 dc
849 1667 979 1752 quodam
1002 1667 1167 1732 litterarum
1193 1689 1285 1750 penu,
1312 1668 1340 1731 si
1359 1668 1431 1731 dicti

323 1769 431 1833 factive
460 1768 659 1832 memorabilis
689 1769 898 1832 reminiscendi
926 1790 999 1832 usus
1031 1769 1174 1846 evenerit,
1207 1768 1307 1832 facilis
1339 1771 1426 1853 cujus

321 1871 446 1934 inventu
467 1870 508 1932 sit
533 1878 622 1952 atque
649 1869 815 1953 depromta.
861 1870 1000 1934 Facessat
1024 1870 1119 1953 igitur
1146 1870 1250 1954 procul
1274 1871 1428 1934 alumine

322 1970 444 2035 efferata
458 1971 559 2034 livoris
575 1970 753 2046 mordicitus,
768 1970 907 2054 procedat
921 1972 953 2035 in
969 1970 1160 2055 propatulum
1180 1971 1344 2054 benignior
1359 1995 1426 2036 ocn-

322 2094 399 2136 surae
413 2072 563 2150 severitas,
575 2073 713 2156 invigilet
728 2072 861 2136 excubiis
876 2071 1054 2135 moderatrix
1071 2072 1182 2136 directa
1197 2073 1321 2150 veritae,
1339 2096 1426 2157 opus-

324 2196 382 2260 que
397 2173 555 2238 concludat
569 2174 702 2237 modeste
717 2181 818 2236 coacta
825 2172 965 2250 brevitas,
980 2194 1019 2235 ne
1035 2173 1175 2236 haustum
1190 2173 1265 2237 meri
1279 2175 1426 2238 excedens

326 2283 362 2340 ut
376 2276 494 2341 Bithias
508 2275 660 2360 superflua
673 2276 738 2360 ejus
752 2274 898 2338 effusione
913 2296 945 2337 se
960 2273 1089 2358 proluat.

695 2429 851 2494 llxrnrcm
875 2448 1048 2493 susurro.

529 2567 580 2630 Du
601 2585 703 2629 nnius
724 2585 902 2630 rnamenta
923 2583 1023 2628 nurus
1047 2583 1226 2627 onnonrcm.

369 2703 419 2767 Ab
432 2703 529 2767 Adam
538 2724 633 2786 usqne
647 2702 686 2766 ad
700 2703 846 2766 diluvium
862 2709 934 2766 suut
948 2701 1020 2765 anni
1030 2701 1090 2765 duo
1103 2700 1205 2776 millia,
1229 2700 1308 2764 GCti
1320 2701 1427 2780 XLII,
1505 2757 1506 2764 ,

328 2803 491 2869 secundum
507 2803 596 2866 Lxx
612 2789 797 2888 interpretes,
824 2803 987 2866 secundum
1015 2803 1235 2886 Hieronymum
1251 2824 1314 2865 uon
1340 2803 1428 2886 plene

326 2906 363 2970 Il
377 2905 478 2982 millia,
494 2926 605 2980 verum,
625 2905 788 2969 secundnm
810 2903 1000 2968 Methodium
1020 2905 1070 2968 cui
1085 2903 1233 2968 Dominus
1256 2905 1289 2967 in
1311 2927 1427 2969 carcere

326 3009 423 3071 oranti
439 3007 577 3070 revelavit
588 3005 624 3070 de
636 3013 717 3069 statu
731 3006 833 3089 primas
848 3006 954 3082 aetatis,
967 3005 1090 3069 fuerunt
1104 3005 1138 3068 ΙΙ
1151 3005 1253 3068 millia.
1302 3006 1365 3070 Sed
1380 3007 1428 3070 lric

327 3109 501 3174 Methodius
519 3115 628 3192 martyr
645 3114 764 3171 aetatem
785 3106 889 3170 mnndi
904 3128 956 3190 per
979 3106 1118 3170 chiliades
1141 3105 1287 3170 distinxit.
1334 3107 1430 3170 Luxit

328 3219 428 3275 autem
449 3211 548 3275 Adam
569 3209 647 3274 Abel
668 3208 767 3271 filium
789 3229 875 3271 suum
892 3207 1018 3272 aChain
1042 3207 1183 3284 occisum,
1203 3216 1324 3269 centum
1342 3209 1429 3271 annis
1504 3217 1505 3254 l

331 3314 496 3377 secundum
510 3311 699 3376 Methodium
716 3317 746 3372 et
761 3309 929 3372 secundum
945 3308 1082 3376 Strabum
1099 3309 1132 3371 in
1147 3307 1222 3371 valle
1238 3307 1429 3372 lacrimarum

326 3416 413 3498 juxta
441 3412 577 3488 Hebron,
605 3435 716 3476 vovens
740 3433 771 3474 se
796 3411 962 3474 castitatem
985 3417 1162 3494 perpetuam
1187 3407 1428 3480 observaturum,

330 3516 383 3580 sed
407 3515 538 3578 Domino
555 3535 608 3597 per
626 3512 765 3596 angelum
786 3512 985 3596 praecipiente,
1008 3511 1118 3574 iterum
1139 3509 1281 3592 cognovit
1303 3531 1427 3572 uxorem

331 3640 413 3681 suam
429 3624 459 3679 et
474 3617 579 3698 genuit
604 3614 686 3678 Seth.
733 3615 846 3678 Omnes
870 3612 942 3685 anni
967 3609 1147 3675 Mathusalae
1170 3610 1254 3674 fuere
1279 3610 1429 3694 nongenti

328 3719 447 3784 LXIX.
493 3718 553 3781 Hic
568 3725 613 3781 est
628 3717 751 3800 qnaestio
775 3717 947 3780 Graecorum
959 3722 989 3777 et
1006 3712 1221 3778 Hebraeorum:
1245 3712 1428 3790 Mathusalc‚
1503 3763 1504 3780 r

331 3852 1425 3884 ff———ffl-

365 3927 380 3956 ⁸
401 3927 437 3976 At
449 3924 494 3978 the
507 3923 608 3974 bottom
621 3921 652 3973 of
660 3923 753 3990 page]
771 3919 863 3971 ofthis
875 3919 1010 3974 clironicle
1029 3918 1056 3969 in
1071 3917 1130 3968 MS.
1144 3917 1257 3985 Vespas.
1273 3915 1307 3977 D,
1327 3919 1372 3980 10,
1388 3935 1430 3968 are

329 4012 375 4064 the
388 4009 488 4062 words:
503 4005 791 4059 brennius-Bellula
799 4007 820 4056 si
828 4005 928 4058 mellita
940 4013 1002 4056 sunt
1012 4003 1112 4055 mellita
1125 4019 1177 4053 non
1188 4009 1258 4088 sunt.
1299 4001 1431 4053 Dulcibus

329 4097 400 4149 enim
414 4113 473 4147 cnm
486 4093 560 4163 pepsi
573 4092 686 4145 societas
698 4090 791 4142 infida.
