3042 5134
547 419 734 485 (lunorueon
752 421 780 485 Ι.
1152 432 1190 493 87

99 599 128 664 ei
153 595 308 676 Nicolaus,
325 599 375 684 qui
388 599 505 683 ingrato
520 597 603 663 fratri
618 620 672 662 suo
686 597 862 662 beneficium
876 595 1057 661 liberationis
1079 595 1194 680 praesti-

99 709 185 767 terat.
208 702 303 768 Filius
318 709 416 767 autem
426 703 542 767 Nicolai
557 701 806 788 Magnusoccidit
817 702 972 784 Magnum,
985 699 1081 763 lilium
1097 700 1194 784 patrui

99 807 149 870 sui
159 806 260 871 Erieii.
286 806 375 871 Unde
391 815 420 871 et
434 807 508 871 alius
523 807 637 884 Hricus,
654 827 831 890 congressus
846 828 913 869 cum
937 803 1071 881 Nicolao,
1088 803 1196 867 occidit

98 909 199 974 filium
213 911 275 995 ejus
287 939 296 989 3
309 917 339 974 et
349 911 413 995 ipse
423 911 609 996 postmodum
622 912 651 974 in
667 909 785 974 Selewic
799 910 916 973 civitate
928 931 944 972 a
959 909 1072 975 civibus
1083 909 1197 974 occisus

101 1022 158 1079 est.
204 1014 352 1078 Successit
366 1016 458 1099 igitur
473 1015 499 1078 ei
514 1015 620 1079 Ericus
636 1036 723 1099 quem
735 1014 768 1076 iu
783 1013 891 1098 placito
905 1036 966 1076 uno
981 1013 1054 1077 l'loo
1078 1013 1197 1092 occidit,

100 1125 132 1181 et
156 1119 184 1182 ei
207 1120 350 1183 successit
371 1120 445 1183 alius
470 1118 576 1184 Ericus
598 1119 680 1182 lilios
702 1119 809 1182 sororis
834 1117 884 1181 alii
906 1117 995 1181 Erici.
1056 1117 1096 1181 ln
1127 1118 1196 1180 His-

99 1223 193 1307 pania
218 1223 387 1308 imperatori
425 1224 558 1288 Xanthio
584 1223 723 1288 successit
750 1221 922 1303 Alphonsus
946 1221 1026 1286 lilius
1052 1223 1125 1307 ejuS,
1152 1223 1198 1286 vir

103 1326 287 1391 admirandae
313 1327 441 1406 virtutis,
477 1334 506 1391 et
544 1327 704 1391 admodum
730 1325 908 1403 fortunatus,
945 1326 996 1409 qui
1021 1347 1105 1409 reges
1128 1326 1198 1388 His-

101 1430 260 1515 paniarum
290 1454 343 1495 suo
370 1431 495 1518 subjecit
520 1431 653 1517 imperio.
730 1430 884 1507 Praeterea,
910 1429 988 1515 cepit
1026 1429 1196 1506 Almariam,

107 1534 237 1601 insulam
250 1537 416 1620 praeclaram
437 1535 604 1615 Olosericis,
617 1547 647 1600 et
658 1533 836 1611 Cordubam,
847 1541 877 1597 et
887 1533 1035 1612 Teledam,
1050 1540 1080 1598 et
1092 1534 1199 1598 multas

106 1639 179 1706 alias
207 1640 358 1725 praeclaras
384 1641 519 1704 civitates
545 1647 575 1704 ct
601 1640 734 1724 regiones
760 1638 875 1724 potenti
900 1639 1011 1702 virtute
1044 1639 1202 1722 aequisivit

105 1743 167 1808 Suo
183 1750 313 1829 tempore
328 1743 454 1822 Retrolt,
472 1765 568 1808 comes
589 1744 624 1808 de
650 1743 776 1820 Portica,
799 1742 934 1806 introivit
960 1743 1146 1828 Hispaniam,
1170 1750 1201 1807 et

103 1846 200 1910 multa
214 1846 324 1911 virtute
338 1847 439 1932 plures
455 1847 613 1932 acquisivit
637 1847 771 1912 civitates
785 1853 815 1911 et
830 1845 948 1932 oppida.
1007 1847 1097 1912 Unde
1112 1846 1200 1911 modo

101 1951 308 2034 insigniuntur
322 1973 376 2016 rex
390 1953 593 2017 Navarrorum
608 1960 638 2016 et
652 1974 704 2015 rex
719 1952 981 2036 Arragonensium.

150 2053 290 2118 Urbanus
307 2062 337 2119 et
366 2055 545 2121 Gerebertus
571 2057 747 2133 moriuntur,
764 2063 794 2119 et
819 2055 951 2119 succedit
974 2055 1016 2118 eis
1041 2054 1201 2134 Paschalis,

103 2157 312 2222 CLXIIIIus.
349 2159 396 2223 Eo
422 2165 554 2246 tempore
580 2159 662 2234 Ordo
687 2159 887 2224 Cisterciensis
911 2159 1031 2243 incepit,
1059 2159 1111 2244 qui
1126 2161 1202 2224 circa

102 2260 263 2346 primordia
278 2285 332 2326 sua
346 2287 362 2326 a
377 2263 504 2347 glorioso
529 2265 644 2341 comite,
675 2263 845 2328 Theobaldo
861 2263 1014 2342 Bloisensi,
1041 2262 1202 2348 plurimum

106 2364 228 2450 adjutus
258 2372 313 2444 est,
343 2372 374 2431 et
397 2367 485 2432 modo
508 2368 597 2432 lloret
622 2391 674 2453 per
699 2369 845 2432 mundum
874 2368 1055 2432 universum.
1101 2368 1202 2453 Hujus

103 2469 221 2532 comitis
242 2469 297 2534 filii
321 2470 443 2534 luerunt
464 2470 592 2536 liberalis
613 2472 663 2535 ille
690 2494 788 2536 comes
809 2472 960 2535 Henricus
975 2471 1153 2556 Campania,
1169 2478 1200 2536 ct

107 2571 308 2652 Theobaldus,
325 2572 437 2658 dapifer
451 2574 598 2652 Franciae,
609 2583 639 2640 et
654 2575 823 2660 Stephanos
839 2598 947 2653 comes,
963 2583 994 2640 et
1008 2575 1205 2654 Willielmus,

39 2723 43 2732 ,
106 2674 262 2739 Remensis
278 2676 521 2762 archiepiscopus,
538 2686 567 2743 et
581 2677 680 2763 plures
695 2679 777 2757 filiae,
793 2702 844 2766 per
857 2701 929 2764 quas
944 2680 1096 2765 progenies
1111 2679 1203 2765 pluri-

107 2801 191 2843 mum
209 2779 332 2844 dilatata
346 2789 400 2844 est.

156 2883 197 2947 In
212 2883 323 2968 Anglia
337 2884 498 2950 Willielmo
513 2887 575 2972 regi
599 2887 679 2952 Huic
702 2897 829 2965 mortuo,
847 2886 977 2952 Roberto
999 2888 1199 2968 Curta-ocrea,

105 2987 215 3052 comite
231 2987 432 3067 Normanniee,
448 2990 496 3053 cui
519 2991 605 3074 regni
621 2991 767 3056 successio
782 2999 970 3076 competeret,
986 2993 1016 3055 in
1035 2993 1201 3076 peregrina-

102 3092 186 3156 tione
211 3091 424 3176 Hierosolymis
439 3095 654 3178 peregrinante,
682 3096 825 3160 successit
849 3096 997 3159 Henricus
1023 3097 1113 3160 irater
1138 3097 1202 3181 ejus

101 3195 216 3280 junior.
234 3193 336 3264 Quum
347 3203 444 3260 autern
463 3198 494 3262 in
510 3198 622 3264 Pascha
637 3199 850 3284 Hierosolymis
865 3204 962 3282 ignem
985 3199 1021 3261 de
1035 3199 1109 3263 coelo
1121 3222 1204 3264 more

104 3299 195 3364 solito
222 3307 418 3384 expectarent,
440 3325 579 3366 accensus
606 3311 650 3367 est
666 3304 808 3368 divinitus
823 3325 928 3367 cereos
944 3303 1059 3367 comitis
1074 3302 1206 3382 Roberti,

107 3402 188 3467 unde
213 3411 243 3465 et
262 3403 415 3488 elegerunt
430 3427 497 3469 eum
524 3407 653 3470 universi
679 3409 710 3471 in
737 3430 849 3492 regem.
903 3407 974 3492 ipsc
996 3430 1074 3485 vero,
1102 3408 1204 3474 audita

103 3513 201 3572 morte
215 3506 312 3572 fratris
327 3509 400 3593 ejus,
417 3511 546 3596 aspirans
562 3511 598 3576 ad
610 3534 732 3596 regnum
750 3512 876 3596 Angliae,
893 3515 1069 3598 contempsit
1093 3514 1205 3578 donum

106 3610 266 3674 oblationis
294 3611 410 3676 divinae.
455 3613 545 3678 Unda
573 3615 687 3680 rediens
712 3617 744 3679 in
768 3617 992 3695 Normanniam,
1032 3640 1207 3703 congressus

103 3737 172 3778 cum
189 3714 279 3778 fratre
295 3739 358 3793 suo,
374 3717 470 3780 victus
486 3725 540 3796 est,
556 3741 572 3782 e
602 3727 735 3784 mortuus
751 3721 784 3784 in
798 3743 912 3784 carcere
922 3744 987 3785 suo.

178 3817 339 3896 Henricus‚
354 3819 435 3884 lilius
450 3821 633 3906 imperatoris
650 3821 784 3901 Henrici,
803 3824 888 3888 duxit
903 3848 1022 3889 uxorem
1038 3825 1206 3904 Matildem,

104 3921 201 3987 filiam
219 3923 295 4006 regis
323 3921 449 3990 Henrioi
477 3926 610 4010 Angliae3
640 3935 670 3992 et
694 3929 817 3994 consilio
844 3929 969 4007 Alberti,
996 3929 1207 4015 archiepiscopi

108 4025 294 4110 Maguntini,
311 4049 398 4111 quern
416 4036 498 4113 pater
513 4031 575 4116 ejus
592 4031 693 4096 multis
709 4033 846 4098 allecerat
856 4034 981 4120 injuriir,
994 4040 1107 4118 patrem
1118 4056 1207 4097 suum

106 4130 188 4197 bello
206 4132 330 4216 appetiit
358 4139 388 4196 ct
412 4131 493 4212 vicit,
521 4142 551 4199 et
574 4145 657 4201 tanta
681 4135 843 4202 afflictione
866 4138 1014 4215 contrivit,
1040 4146 1075 4202 ut
1105 4137 1209 4202 Leodii
