3042 5134
450 463 642 530 Ouronroou
659 463 704 528 11.
737 485 740 490 ·
1130 459 1190 522 115

140 638 334 703 Domitianus
348 637 438 700 irater
453 635 514 700 Titi
532 637 628 720 primo
642 633 771 700 clemens
785 631 854 699 luit.
882 631 965 699 Vicit
980 631 1144 697 Germanus
1159 633 1189 692 et

87 741 218 808 Gothos.
250 740 360 804 Orator
387 738 446 804 luit
469 745 500 802 et
524 741 655 803 locorum
686 737 866 818 aedifioator3
882 737 954 802 fecit
979 733 1133 800 Pantheon
1158 739 1189 797 et

87 844 199 928 tegulis
224 843 308 908 aereis
337 843 463 928 operuit.
527 841 708 905 Interiectus
737 863 755 905 a
784 845 888 904 senatu
913 859 992 904 anno
1023 837 1187 904 nativitatis

89 947 233 1011 xxxva
255 946 406 1030 sepultura
428 946 531 1009 caruit
585 947 675 1008 Anno
697 944 813 1028 imperii
836 943 899 1030 ejus
921 941 1043 1008 ΧΙΠΙο
1057 939 1094 1005 iit
1123 960 1187 1026 per·

89 1049 231 1134 sequutio
245 1048 481 1112 Christianorum
498 1048 638 1110 secunda.
662 1047 774 1110 Beatus
789 1046 810 1109 J
812 1043 941 1110 ohannes
957 1045 1059 1110 scribit
1073 1047 1189 1128 Apoca-

87 1150 205 1235 lypsim,
221 1171 312 1233 quarn
329 1150 460 1214 [renuens
475 1149 607 1233 exponit.
628 1147 961 1233 Josephusvioesimurn
971 1141 1082 1212 librum
1098 1147 1186 1211 Anti-

87 1253 241 1337 quitatum
255 1251 366 1316 scribit.
396 1252 458 1315 Hie
473 1252 567 1315 multa
581 1251 719 1335 praedixit
737 1249 919 1334 Vespasiano
935 1249 971 1314 de
986 1251 1049 1336 ejus
1064 1249 1190 1333 irnperio

88 1361 122 1418 et
151 1360 248 1418 morte
275 1354 424 1432 Neronis3
455 1351 533 1417 diem
562 1352 651 1416 ctiam
686 1350 858 1437 irruptionis
895 1347 1032 1436 praedixit
1065 1349 1190 1416 civibus·

89 1455 192 1520 Claret
207 1455 412 1526 Quintilianus
427 1456 537 1520 rhetor.
581 1452 696 1519 Jacobo
712 1453 830 1539 Alphaei
845 1455 948 1518 Simon
958 1450 1097 1539 Cleophae
1115 1449 1189 1516 Hie·

90 1559 240 1624 rosolimae
255 1560 406 1624 sueomsit.
428 1559 542 1624 Dehoc
557 1566 657 1622 tamen
668 1559 776 1622 diversi
792 1557 906 1624 diversa
920 1559 1064 1622 sentiunt.
1106 1553 1189 1620 Sedit

90 1657 231 1728 Clemens
245 1682 322 1747 popa
331 1663 416 1726 annis
428 1663 486 1741 IX,
502 1661 654 1726 mensibus
669 1661 714 1740 II,
731 1659 835 1727 diebus
851 1662 890 1726 X.
907 1661 1108 1746 Deponuntnr
1120 1659 1189 1724 cho-

90 1766 256 1850 repiscopi:
268 1765 349 1850 apud
357 1773 491 1830 sanctum
504 1765 668 1829 Dominum
681 1771 726 1829 est
735 1765 833 1830 adhuc
844 1763 1080 1850 chorepiscopus.
1113 1761 1192 1828 Passi

90 1874 165 1932 sunt
185 1867 348 1952 Dionysius
372 1868 554 1954 Areopagita
574 1868 714 1946 Parisios,
743 1867 894 1933 Luciauus
919 1868 1055 1932 Beluaco.
1084 1865 1188 1932 Domi-

89 1971 192 2034 tianus
204 1971 334 2054 jusserat
348 1989 452 2034 omnes
466 1970 503 2034 de
518 1990 626 2055 genere
640 1969 737 2034 David
752 1969 856 2035 occidi.

139 2070 394 2138 vnuoxcsslr.
440 2072 649 2138 Donmsuns
676 2092 850 2138 rnrnuavxr
872 2091 969 2140 suuis
997 2071 1086 2152 XVI,
1110 2073 1189 2141 Vns-

518 2213 645 2256 rssrsnr
663 2213 778 2257 murus

135 2291 290 2357 iohannes
324 2293 475 2378 apostolus
519 2293 622 2358 scribit
660 2295 855 2380 evangelium.
901 2291 1034 2360 Pullulat
1071 2295 1190 2361 haeresis

88 2390 311 2462 Cerinthiorum
324 2396 375 2479 qui
387 2395 639 2460 circumcisionem
650 2395 817 2475 observant,
829 2404 859 2460 et
871 2393 1007 2461 Manuos
1019 2403 1088 2481 post
1096 2418 1191 2460 resur-

89 2497 254 2564 rectionem
269 2499 300 2562 in
318 2498 415 2562 carnis
436 2500 589 2584 voluptate
606 2499 723 2582 futuros
738 2497 909 2586 praedicant,
933 2501 963 2563 et
983 2499 1192 2564 Ebionitarum

88 2597 143 2686 qni
155 2598 260 2665 dicunt
269 2596 421 2666 Christum
432 2625 485 2688 per
499 2607 672 2687 provectum
687 2603 784 2666 solum
800 2602 896 2667 virum
909 2604 1027 2688 justum
1039 2601 1189 2667 ellectum.

87 2704 192 2770 Nerva
207 2703 281 2768 obiit
296 2724 387 2788 quum
400 2707 462 2789 jam
477 2705 644 2790 adoptasset
659 2705 799 2791 Trajanm
815 2729 892 2770 anno
908 2707 976 2771 vitae
992 2729 1053 2770 suae
1070 2707 1120 2772 72.

133 2803 348 2872 VMOOXOV.
391 2807 508 2873 anvu
530 2829 704 2872 rnrnnavm
725 2829 813 2874 nuno
838 2809 864 2874 Ι.
895 2811 1039 2875 Amanus
1055 2829 1128 2874 num
1150 2829 1188 2872 nr

526 2931 588 2974 unx
602 2911 784 2976 Sauurrun.

129 3009 286 3095 Trajanue,
309 3031 416 3095 genere
439 3008 604 3097 Hispanus,
627 3013 700 3077 vicit
719 3020 803 3078 trans
824 3013 954 3080 Tiberim
976 3013 1141 3080 Germanos
1156 3022 1186 3079 et

87 3114 201 3178 multas
221 3120 326 3197 gentes
348 3121 431 3178 trans
452 3113 568 3200 Tigrim
588 3123 619 3179 et
641 3117 826 3201 Euphraten,
850 3122 881 3180 et
902 3118 1059 3202 occupavit
1089 3117 1189 3180 Seleu-

89 3214 172 3280 ciam
197 3223 228 3280 et
263 3212 467 3302 Babyloniam.
512 3217 657 3282 Liberalis
682 3219 751 3297 fuit,
778 3224 926 3299 constans,
956 3217 1067 3302 largus,
1094 3217 1189 3296 fortia,

87 3319 234 3406 prodens.

133 3421 254 3506 Trajaui
268 3421 357 3507 hujus
372 3423 501 3487 animam
509 3424 570 3508 jam
586 3423 659 3488 olim
673 3423 770 3509 poenis
785 3423 935 3501 traditam,
951 3421 1013 3488 dux
1029 3421 1187 3488 miserendi

84 3525 240 3590 Dominus
260 3524 393 3609 placatus
408 3527 503 3591 sancti
524 3526 661 3612 precibus
683 3527 820 3612 Gregorii
840 3527 969 3591 rorilluis
989 3527 1135 3592 revocavit
1150 3523 1187 3591 ab

87 3627 205 3696 inieris.
275 3627 423 3694 Dormivit
460 3629 493 3693 in
522 3630 654 3694 Domino
688 3631 799 3695 Beatus
829 3631 985 3696 lohannes
1025 3631 1188 3716 Apostolus

87 3737 122 3796 et
144 3727 338 3814 Evangelista
360 3731 408 3795 die
437 3730 516 3796 beati
543 3731 690 3797 Johannis
720 3733 874 3818 Baptistae.
914 3727 996 3797 Sedit
1025 3732 1188 3797 Anacletus

85 3851 177 3919 popa,
199 3831 252 3916 qui
274 3833 400 3897 sancivit
414 3840 450 3898 ut
464 3833 501 3898 ad
518 3837 617 3899 minus
632 3840 692 3900 tres
707 3837 804 3900 missae
818 3837 1004 3915 interessent,
1031 3837 1115 3899 annis
1130 3835 1190 3916 IX,

85 3935 195 4002 diebus
209 3934 314 3999 tribus.
365 3919 442 4000 ¹Post
456 3959 526 4001 eum
543 3938 719 4017 Alexander,
744 3939 795 4023 qui
812 3937 917 4002 statuit
933 3939 1059 4002 hostiani
1073 3959 1187 4022 semper
1281 3962 1283 3964 ’

87 4037 198 4103 debere
212 4036 278 4100 fieri
292 4059 329 4100 ex
339 4057 416 4121 aqna
430 4045 461 4103 et
475 4039 554 4117 vino,
570 4042 655 4104 annis
673 4045 703 4118 8,
722 4040 873 4106 mensibus
888 4045 917 4114 5,
933 4040 1037 4104 diebus
1054 4045 1083 4104 2.
1129 4038 1187 4108 Sed

88 4139 170 4204 inter
184 4137 366 4204 Anacletum
381 4147 411 4204 et
426 4141 631 4207 Alexandrum
648 4141 723 4211 sedit
739 4143 893 4208 Evaristus
908 4165 993 4228 papo,
1007 4144 1059 4227 qui
1074 4143 1189 4221 statuit,
