3042 5134
318 491 379 552 lar
542 485 553 567 f
728 489 873 553 Ranuruu
888 488 990 554 Nrcar

315 659 461 725 liberavit.
506 658 589 722 Sedit
613 658 707 722 Gaius
732 681 809 744 papa
833 659 885 742 qui
910 659 1026 724 ordines
1050 659 1166 728 statuit.¹
1210 663 1293 727 Ante
1321 665 1409 750 pedes

320 762 473 827 Aureliani
488 761 602 825 fulmen
618 761 724 825 cecidit
739 769 769 824 et
784 770 853 846 post
869 762 968 826 subito
984 763 1107 828 interiit.

372 863 665 928 VMCGOCLXXV.
710 867 919 928 Annrmrnaus
941 885 1117 930 rrrrunavrr
1138 887 1235 930 annis
1254 867 1291 945 V,
1318 889 1415 934 riorus

318 968 488 1032 Gaanrnru.
542 967 678 1031 Taorrns
707 987 883 1031 rnrnnavrr
912 987 1070 1032 mausraus
1101 969 1169 1034 VI:
1199 971 1347 1036 Sunarou
1370 993 1414 1036 ra-

318 1089 444 1134 rnnsus.
490 1069 675 1134 Ilnonrarens
709 1091 882 1134 rurnaavrr
911 1087 1071 1136 ursasrans
1100 1093 1235 1144 rursum
1271 1073 1415 1138 Senarus

790 1193 953 1238 raransus.

364 1275 483 1341 Probus
502 1276 615 1341 Gallias
628 1275 765 1341 liberavit
779 1299 796 1339 a
811 1274 948 1340 Barbarie
965 1285 1132 1362 occupatas.
1179 1279 1312 1344 Haeresis
1332 1281 1415 1344 latrat

322 1377 556 1442 Manichaeorum
586 1379 636 1463 qni
662 1378 771 1443 dicunt
800 1378 873 1442 duas
906 1387 1025 1443 naturas
1055 1402 1118 1443 esse
1153 1388 1182 1444 et
1220 1381 1415 1447 substantiam

322 1480 430 1545 bonam
451 1496 481 1546 et
505 1482 621 1560 malam,
642 1489 672 1546 et
695 1483 807 1546 animas
828 1505 864 1546 ex
889 1482 954 1546 Deo
980 1483 1064 1566 quasi
1085 1505 1121 1546 ex
1144 1483 1228 1548 fonte
1248 1486 1412 1568 procedere.

324 1581 404 1646 Galli
419 1584 508 1647 vitem
524 1585 636 1648 colunt.
1383 1601 1384 1604 ’

363 1687 499 1749 Paoaus
515 1706 702 1750 rursaavrr
717 1706 816 1751 naurs
832 1685 891 1764 Vl,
908 1708 1017 1751 rrnros
1035 1687 1240 1752 Aunnnraur.

380 1787 480 1851 Karns
496 1809 563 1851 cum
584 1787 655 1851 filiis
670 1789 784 1853 Karino
800 1796 830 1853 et
844 1790 1037 1854 Numeriano.
1084 1789 1216 1853 Karinus
1230 1788 1264 1853 in
1279 1787 1380 1872 praelio
1391 1793 1417 1850 et

325 1889 528 1953 Numerianus
543 1890 579 1954 ab
596 1893 678 1975 Apro
690 1914 773 1955 socer
787 1888 941 1956 occiditur.
957 1893 1050 1957 Carus
1066 1892 1102 1956 de
1117 1891 1416 1976 Persistriumpharit

327 2003 357 2058 et
372 2003 441 2079 post
455 2018 543 2081 snpra
557 1997 670 2081 Tigrim
684 1997 810 2061 fulmine
825 2006 870 2061 est
883 1999 1089 2082 interemptus.

385 2098 737 2163 VMOOCCLXXXIH.
798 2099 915 2164 Canus
954 2119 1142 2164 rmraaavrr
1172 2119 1277 2164 nurus
1318 2095 1419 2176 VIII;

744 2221 854 2266 riorus
870 2201 986 2267 Paonr.

370 2304 575 2370 Dioclesianns
598 2305 765 2369 Dalmathae
784 2304 887 2368 scribae
908 2305 988 2370 lilius
1002 2305 1095 2368 libros
1116 2305 1232 2369 diuinos
1248 2302 1424 2379 combussit,

329 2407 443 2490 primus
459 2409 489 2472 iu
502 2407 635 2472 vestibus
650 2430 781 2488 gemmas
796 2407 955 2492 impressit.
1000 2408 1121 2471 Decima
1137 2407 1174 2470 lit
1189 2407 1425 2470 Christianorum

327 2512 527 2593 persequutio,
558 2510 695 2575 omnibus
724 2511 818 2595 major
846 2517 876 2573 et
906 2510 1084 2574 diuturnior.
1130 2509 1325 2573 Marcellinus
1352 2531 1426 2593 papa

331 2611 493 2690 Romanus,
509 2613 586 2676 sedit
600 2615 686 2677 annis
705 2612 746 2691 V,
763 2613 867 2677 dicbus
892 2613 978 2678 XII:
996 2613 1042 2678 hic
1063 2623 1188 2698 urgente
1198 2613 1426 2696 persequutione

331 2714 418 2778 idolis
434 2715 626 2794 thurificavit,
646 2716 697 2780 sed
714 2717 815 2780 statim
830 2716 979 2800 poenituit,
995 2723 1071 2780 etse
1088 2721 1268 2800 praesentans
1283 2715 1432 2778 Dioclesi·

333 2838 390 2878 ano
410 2817 572 2881 decollatus
591 2828 645 2890 est,
660 2841 826 2902 corpusque
839 2820 902 2902 ejus
927 2820 1046 2904 proprio
1067 2824 1215 2903 praecepto
1238 2818 1431 2882 inhumatum

330 2921 434 3005 jacuit.
457 2921 515 2985 Die
531 2945 599 2985 vero
614 2923 767 2988 trecesimo
783 2922 960 2987 revelatione
976 2922 1055 2986 beati
1070 2922 1152 2986 Petri
1167 2929 1211 2986 est
1227 2923 1381 3006 sepultum
1397 2922 1433 2987 ad

332 3023 425 3107 pedes
436 3025 508 3109 ejus.

379 3127 579 3193 Dioclisianus
599 3129 759 3214 assumpsit
779 3129 811 3192 in
825 3129 910 3214 regni
932 3129 1115 3194 consortium
1141 3128 1320 3193 Herculinm
1337 3130 1434 3193 Maxi-

338 3231 469 3296 mianum
482 3260 492 3310 ;
505 3231 666 3310 Galerium,
677 3232 713 3296 II
725 3232 830 3310 annis;
843 3231 1063 3310 Constantium,
1080 3231 1165 3295 XIII
1176 3231 1272 3294 annis.
1300 3230 1437 3295 Galerius

335 3331 483 3399 Valeriam
496 3334 589 3398 liliam
605 3335 777 3399 Dioclisiani
791 3335 887 3399 duxit.
931 3335 1125 3399 Constantius
1145 3333 1230 3397 duxit
1246 3332 1433 3398 Theodoram

338 3437 501 3520 privignam
519 3437 665 3515 Herculii,
681 3461 717 3500 ex
729 3460 787 3521 qua
803 3436 942 3500 sextilius
961 3437 1092 3500 sustulit.
1117 3436 1352 3501 Constantinum
1368 3457 1437 3500 vero

338 3561 374 3601 ex
398 3539 525 3615 Helena,
540 3539 603 3603 lilia
619 3542 696 3622 regis
711 3540 793 3618 coel,
815 3541 867 3623 qui
887 3540 1096 3604 Colacestriam
1111 3539 1278 3603 aedificavit.
1317 3537 1435 3602 Horum

339 3647 472 3725 tempore
486 3642 566 3726 passi
586 3649 657 3705 sunt
678 3643 755 3727 Tyro
779 3642 826 3706 XI
850 3642 950 3719 millia,
972 3642 1075 3706 Romae
1098 3641 1175 3721 XM,
1194 3641 1338 3706 Vercellis
1361 3642 1436 3706 XM.

341 3743 408 3807 Nec
423 3745 481 3808 luit
498 3742 566 3807 urbs
581 3745 614 3807 in
633 3745 770 3809 Romano
791 3746 914 3828 imperio
935 3745 967 3808 in
983 3766 1041 3827 qna
1055 3767 1116 3809 non
1130 3744 1306 3808 funderetur
1321 3745 1441 3829 sangnis

342 3847 576 3911 Christianorum
590 3874 597 3910 ι
610 3848 658 3911 eui
670 3856 743 3910 tunc
752 3846 945 3930 subjacebant
961 3847 1084 3924 Graecia,
1101 3847 1257 3931 Hispania,
1271 3847 1439 3922 Germania,

339 3949 445 4027 Gallia,
475 3949 599 4032 Anglia,
639 3949 737 4026 Italia,
778 3949 890 4028 Africa,
934 3949 1025 4034 Syria,
1056 3948 1245 4034 Burgundio,
1285 3950 1436 4026 Armenia,

338 4051 485 4129 Chaldaea,
499 4051 628 4130 Parthia,
641 4052 753 4130 Media,
768 4051 992 4138 Mesopotamia,
1006 4052 1158 4136 AEgyptus
1173 4058 1204 4115 et
1212 4051 1319 4137 Lybie,
1336 4053 1437 4124 Dacia,

339 4160 503 4237 Sclavonia,
517 4159 652 4238 Thracia,
668 4159 789 4244 Scythia
803 4167 833 4222 ct
845 4159 945 4224 omnia
956 4181 1048 4243 regna
1063 4158 1167 4222 mundi
1181 4164 1290 4242 praeter
1305 4158 1434 4225 Indiam.
