3042 5134
556 551 748 617 0000010οο
786 552 814 617 1.
1159 554 1200 613 29

139 720 264 803 Decius,
279 743 359 789 anno
373 722 586 789 incarnationis
601 726 675 803 244,
692 730 724 791 et
749 722 906 809 imperarit
930 744 990 788 ono
1004 744 1083 787 anno
1104 728 1134 789 01
1149 725 1201 787 tri-

142 826 379 891 boemensibus.
396 826 469 904 Iste,
486 825 631 911 septimus
646 833 715 911 post
729 826 894 905 Neronem,
908 825 1010 891 feralia
1024 825 1119 891 edicta
1143 826 1203 889 dis·

141 928 235 1019 psrsit
250 927 289 993 ad
303 927 563 1013 persequutionem
576 927 824 993 Christianorum.
856 927 919 993 Sub
932 928 988 992 hoc
1003 928 1080 991 enim
1097 950 1202 1013 pessus

143 1040 192 1099 001
217 1030 324 1097 Roma
346 1030 696 1109 Fabianna,1lntiochioe
719 1029 871 1110 Babullas,
887 1030 919 1095 iu
934 1030 1056 1117 Epheso
1084 1031 1204 1115 'ipueri

144 1135 338 1211 dormientes,
352 1133 373 1196 J
374 1131 546 1218 erosolymis
563 1132 741 1198 Alexander.

190 1238 251 1303 His
265 1234 449 1321 temporibus
475 1241 666 1299 surrexerunt
685 1235 857 1314 Novatiani,
873 1235 926 1320 qni
949 1246 1093 1323 negarent
1112 1232 1203 1320 lapsis

144 1339 354 1426 pmnitentiam
381 1344 452 1423 post
479 1344 645 1423 peccatum.
691 1337 750 1402 Sed
780 1338 844 1403 1000
871 1339 990 1405 heresis
1018 1341 1052 1405 in
1078 1341 1203 1407 concilio

144 1445 251 1509 Romae
265 1443 406 1507 damnata
419 1446 475 1505 001.

189 1546 287 1611 Decio
301 1545 443 1609 successit
457 1542 563 1609 Gallus
589 1542 740 1607 Hostilius
763 1566 832 1609 cum
856 1544 920 1609 fillo
949 1567 1003 1611 suo
1028 1544 1202 1617 Volusiano.

145 1648 191 1715 Hi
205 1648 299 1713 fidem
311 1646 484 1731 persequuti
495 1654 576 1723 sunt,
589 1646 643 1710 sed
652 1652 799 1730 quatenus
812 1645 1026 1713 extendebatur
1041 1672 1204 1737 peraeque.

18 1841 22 1847 .
144 1754 201 1830 tio,
217 1756 400 1815 0010000001
414 1748 604 1834 postmodum
619 1748 799 1833 pestilentia.
842 1749 1017 1816 aldamum
1033 1751 1203 1821 abAEmili.

145 1877 205 1921 ano
219 1853 311 1918 occisi
325 1859 408 1916 snut.
453 1851 585 1916 Fabiano
600 1852 704 1917 1101010
719 1852 861 1916 successit
876 1852 1039 1919 Cornelius.

193 1956 264 2021 Hoc
278 1962 411 2039 tempore
426 1960 491 2017 orta
504 1960 550 2017 001
564 1953 700 2037 quaestio,
717 1962 816 2018 atrurn
829 1955 960 2020 heretici
974 1964 1073 2023 essent
1087 1959 1205 2045 rebap-

149 2059 273 2136 tizandi,
296 2065 328 2123 01
342 2057 475 2121 definita.
529 2058 571 2121 Et
592 2064 730 2121 mortuus
753 2066 799 2121 est
825 2057 972 2143 Origines,
988 2062 1074 2146 enjus
1096 2065 1205 2148 scripta

150 2162 289 2248 quaedam
302 2167 406 2225 notata
419 2165 500 2223 snut.
546 2158 608 2229 Qui
623 2159 702 2226 mille
717 2166 749 2223 01
763 2160 891 2244 amplius
903 2167 1047 2227 tractatus
1062 2164 1165 2243 edidit,
1176 2176 1207 2231 01

149 2265 263 2330 multos
277 2262 507 2329 commentarios
524 2262 652 2348 scripsit.
699 2263 801 2333 Quies
816 2286 848 2327 se
859 2264 958 2349 ipsum
972 2266 1036 2331 zelo
1052 2268 1207 2337 munditiae

150 2367 299 2433 castravit.

195 2470 284 2535 Gallo
295 2468 436 2533 000000011
446 2466 631 2545 Valerianus,
643 2489 723 2532 anno
734 2467 944 2533 incarnationis
957 2470 1206 2556 010010000-

150 2574 199 2640 vit
227 2572 314 2638 annis
345 2574 397 2635 15.
450 2570 497 2635 Eo
524 2577 625 2635 tamen
654 2576 787 2654 ternpore
812 2570 908 2635 factus
930 2576 975 2637 est
1005 2572 1207 2658 imperaturo

152 2683 261 2741 senatu
278 2674 445 2739 Gallienus.
491 2671 675 2750 Valerianus,
690 2674 787 2757 primo
807 2672 912 2753 bonus,
928 2683 1032 2759 postea
1050 2676 1147 2741 100100
1162 2686 1208 2743 est

151 2779 302 2865 pessimus
316 2777 432 2861 magica
447 2782 519 2841 arte.
565 2774 628 2845 Qui
642 2782 674 2839 01
687 2775 857 2841 libertatem
872 2776 966 2857 dedit,
976 2780 1126 2863 quomodo
1141 2783 1208 2866 quis

151 2881 252 2959 vellet,
269 2880 384 2944 adorari
399 2878 511 2943 divina.
556 2878 631 2956 Iste,
646 2878 813 2942 tricesimus
829 2878 866 2943 ab
881 2882 1021 2965 Augusto
1036 2890 1067 2947 01
1086 2892 1209 2950 octavus

153 3007 173 3049 a
201 2984 335 3060 Nerone,
357 3004 412 3067 per
439 2988 589 3047 tormenta
616 2981 714 3064 coegit
736 2981 920 3048 Christianos
940 2984 978 3049 ad
1001 2984 1208 3053 idololatriam.

153 3085 219 3151 Sub
232 3086 291 3150 hoc
305 3106 411 3170 passus
424 3090 470 3149 001
490 3082 647 3149 Cornelius
662 3083 774 3161 Bomoe,
791 3083 964 3169 Carthagini
986 3087 1160 3173 Cyprianus,
1180 3098 1210 3155 01

153 3188 227 3254 alibi
251 3188 340 3253 multi
368 3186 428 3251 0111.
473 3185 610 3252 Cornelio
640 3207 709 3249 aero
738 3187 880 3251 000000011
908 3188 1031 3268 Lucius,
1056 3198 1087 3255 01
1117 3192 1210 3257 Lucio

156 3292 338 3377 Stephanus,
376 3296 407 3353 et
441 3288 594 3374 Stephano
632 3287 753 3367 Sixtus;
777 3291 861 3375 cujus
896 3291 1118 3357 archidiaconus
1151 3296 1211 3361 luit

154 3394 347 3463 Laurentius.

199 3497 316 3563 Eodem
329 3518 399 3560 vero
413 3501 548 3579 tempore
562 3495 763 3579 compensavit
783 3494 931 3565 Dominus
954 3503 1212 3585 persequutionem

155 3600 397 3687 persequutione.
442 3598 482 3663 Iu
496 3620 599 3664 omnes
611 3599 688 3663 enirn
697 3598 775 3663 lines
784 3598 906 3683 Imperii
921 3601 1071 3667 irruerunt
1086 3604 1211 3687 barbari,

155 3712 190 3769 et
214 3703 337 3769 demum
362 3725 380 3767 a
405 3703 515 3786 Sapore
541 3723 610 3786 rege
636 3702 793 3765 Persarum
819 3709 925 3787 captus
950 3713 996 3772 001
1022 3705 1167 3788 Valerius,
1183 3718 1214 3775 01

154 3807 263 3872 infami
284 3806 394 3883 0111010,
408 3812 475 3869 1010
496 3812 630 3889 ternpore
654 3805 723 3869 rita
745 3828 816 3884 snae,
832 3806 953 3871 acclinis
978 3807 1063 3875 humi
1089 3810 1211 3877 dorsum

156 3932 249 3975 sunm
262 3910 326 3994 regi
341 3908 501 3993 prestabat
515 3907 713 3973 ascensorium
728 3909 761 3971 in
776 3930 896 3991 equum.
942 3910 1096 3977 Gallienus
1111 3916 1213 3999 igitur,

156 4014 281 4081 territus
295 4014 354 4077 Dei
374 4012 497 4098 jndicio,
514 4012 597 4076 dedit
617 4011 748 4076 ecclesiis
769 4034 888 4096 pacem3
912 4013 993 4079 uude
1016 4023 1047 4079 01
1067 4019 1168 4083 statim
1188 4022 1216 4084 ei

158 4120 246 4185 Deus
267 4137 369 4201 pacem
392 4115 516 4201 pararit,
538 4114 665 4180 inimicis
686 4114 750 4199 ejus
771 4114 940 4180 destructis.
986 4117 1108 4183 Marcus
1125 4122 1214 4202 enim,

163 4220 217 4307 qui
247 4220 283 4285 in
311 4218 418 4285 Galliis
446 4223 515 4303 post
544 4224 670 4283 mortem
702 4218 840 4283 Postumi
868 4219 1015 4283 invaserat
1047 4222 1215 4309 imperinm,

159 4346 321 4411 oppressus
338 4328 393 4401 est,
408 4328 438 4386 01
456 4321 630 4386 Victorinus
645 4326 760 4385 creatus
781 4323 876 4387 Cesar
899 4345 916 4385 a
936 4322 1040 4404 Gallis,
1057 4327 1214 4393 extinctus.
