<?xml version="1.0" encoding="UTF-8"?>
<!DOCTYPE html PUBLIC "-//W3C//DTD XHTML 1.0 Transitional//EN"
    "http://www.w3.org/TR/xhtml1/DTD/xhtml1-transitional.dtd">
<html xmlns="http://www.w3.org/1999/xhtml" xml:lang="en" lang="en">
 <head>
  <title>
</title>
<meta http-equiv="Content-Type" content="text/html;charset=utf-8" />
  <meta name='ocr-system' content='tesseract 3.04.00' />
  <meta name='ocr-capabilities' content='ocr_page ocr_carea ocr_par ocr_line ocrx_word'/>
</head>
<body>
  <div class='ocr_page' id='page_1' title='image "./radulfinigrichr00cogggoog_0161.png"; bbox 0 0 3042 5134; ppageno 0'>
   <div class='ocr_carea' id='block_1_1' title="bbox 320 445 1020 516">
    <p class='ocr_par' dir='ltr' id='par_1_1' title="bbox 320 445 1020 516">
     <span class='ocr_line' id='line_1_1' title="bbox 320 445 1020 516; baseline -0.01 0"><span class='ocrx_word' id='word_1_1' title='bbox 320 449 383 516; x_wconf 81' lang='lat'><strong>146</strong></span> <span class='ocrx_word' id='word_1_2' title='bbox 755 445 901 512; x_wconf 79' lang='lat' dir='ltr'><strong>Ranrmrr</strong></span> <span class='ocrx_word' id='word_1_3' title='bbox 916 445 1020 511; x_wconf 85' lang='lat' dir='ltr'><strong>Nrnnr</strong></span> 
     </span>
    </p>
   </div>
   <div class='ocr_carea' id='block_1_2' title="bbox 320 612 1516 3848">
    <p class='ocr_par' dir='ltr' id='par_1_2' title="bbox 320 612 1516 3848">
     <span class='ocr_line' id='line_1_2' title="bbox 320 612 1429 700; baseline -0.002 -20"><span class='ocrx_word' id='word_1_4' title='bbox 320 626 352 682; x_wconf 89' lang='lat' dir='ltr'><strong>et</strong></span> <span class='ocrx_word' id='word_1_5' title='bbox 382 619 619 683; x_wconf 83' lang='lat' dir='ltr'><strong>Oarolomannus</strong></span> <span class='ocrx_word' id='word_1_6' title='bbox 659 615 788 700; x_wconf 76' lang='lat' dir='ltr'><strong>praelecti</strong></span> <span class='ocrx_word' id='word_1_7' title='bbox 815 613 979 678; x_wconf 82' lang='lat' dir='ltr'><strong>Galliarum</strong></span> <span class='ocrx_word' id='word_1_8' title='bbox 1011 614 1176 678; x_wconf 83' lang='lat' dir='ltr'><strong>Baioariam</strong></span> <span class='ocrx_word' id='word_1_9' title='bbox 1204 621 1235 678; x_wconf 87' lang='lat' dir='ltr'><strong>et</strong></span> <span class='ocrx_word' id='word_1_10' title='bbox 1266 612 1429 678; x_wconf 81' lang='lat' dir='ltr'><strong>Saxoniam</strong></span> 
     </span>
     <span class='ocr_line' id='line_1_3' title="bbox 322 716 1516 808; baseline -0.003 -24"><span class='ocrx_word' id='word_1_11' title='bbox 322 720 585 805; x_wconf 63' lang='lat' dir='ltr'><strong>subjugantem</strong></span> <span class='ocrx_word' id='word_1_12' title='bbox 613 723 681 802; x_wconf 87' lang='lat' dir='ltr'><strong>post</strong></span> <span class='ocrx_word' id='word_1_13' title='bbox 709 717 944 781; x_wconf 84' lang='lat' dir='ltr'><strong>Oarolomannns</strong></span> <span class='ocrx_word' id='word_1_14' title='bbox 972 716 1076 780; x_wconf 60' lang='lat' dir='ltr'><strong>Minae</strong></span> <span class='ocrx_word' id='word_1_15' title='bbox 1102 716 1134 779; x_wconf 92' lang='lat' dir='ltr'><strong>in</strong></span> <span class='ocrx_word' id='word_1_16' title='bbox 1164 723 1266 780; x_wconf 88' lang='lat' dir='ltr'><strong>monte</strong></span> <span class='ocrx_word' id='word_1_17' title='bbox 1298 717 1432 780; x_wconf 81' lang='lat' dir='ltr'><strong>Soractae</strong></span> <span class='ocrx_word' id='word_1_18' title='bbox 1515 795 1516 808; x_wconf 10' lang='grc' dir='ltr'>χ</span> 
     </span>
     <span class='ocr_line' id='line_1_4' title="bbox 324 811 1516 901; baseline -0.004 -16"><span class='ocrx_word' id='word_1_19' title='bbox 324 828 496 886; x_wconf 78' lang='lat' dir='ltr'><strong>constructo</strong></span> <span class='ocrx_word' id='word_1_20' title='bbox 510 821 553 884; x_wconf 90' lang='lat' dir='ltr'><strong>ibi</strong></span> <span class='ocrx_word' id='word_1_21' title='bbox 568 819 748 883; x_wconf 80' lang='lat' dir='ltr'><strong>monasterio</strong></span> <span class='ocrx_word' id='word_1_22' title='bbox 761 819 800 881; x_wconf 84' lang='lat' dir='ltr'><strong>lit</strong></span> <span class='ocrx_word' id='word_1_23' title='bbox 809 818 982 882; x_wconf 84' lang='lat' dir='ltr'><strong>monachus·</strong></span> <span class='ocrx_word' id='word_1_24' title='bbox 1028 817 1091 880; x_wconf 66' lang='lat' dir='ltr'><strong>Ino</strong></span> <span class='ocrx_word' id='word_1_25' title='bbox 1106 818 1266 901; x_wconf 86' lang='lat' dir='ltr'><strong>imperator</strong></span> <span class='ocrx_word' id='word_1_26' title='bbox 1281 817 1438 881; x_wconf 84' lang='lat' dir='ltr'><strong>destruxit</strong></span> <span class='ocrx_word' id='word_1_27' title='bbox 1515 811 1516 862; x_wconf 67' lang='lat' dir='ltr'><strong>l</strong></span> 
     </span>
     <span class='ocr_line' id='line_1_5' title="bbox 323 918 1431 1004; baseline -0.005 -17"><span class='ocrx_word' id='word_1_28' title='bbox 323 930 439 987; x_wconf 70' lang='lat' dir='ltr'><strong>sanetum</strong></span> <span class='ocrx_word' id='word_1_29' title='bbox 460 922 614 1004; x_wconf 77' lang='lat' dir='ltr'><strong>imagines.</strong></span> <span class='ocrx_word' id='word_1_30' title='bbox 658 920 870 984; x_wconf 74' lang='lat' dir='ltr'><strong>contrahere</strong></span> <span class='ocrx_word' id='word_1_31' title='bbox 896 919 1139 1004; x_wconf 75' lang='lat' dir='ltr'>superstitionem</span> <span class='ocrx_word' id='word_1_32' title='bbox 1168 919 1289 1002; x_wconf 78' lang='lat' dir='ltr'><strong>scripsit</strong></span> <span class='ocrx_word' id='word_1_33' title='bbox 1323 918 1431 984; x_wconf 85' lang='lat' dir='ltr'><strong>beatus</strong></span> 
     </span>
     <span class='ocr_line' id='line_1_6' title="bbox 329 1021 1434 1109; baseline -0.005 -20"><span class='ocrx_word' id='word_1_34' title='bbox 329 1025 502 1109; x_wconf 75' lang='lat' dir='ltr'>Gregorius.</span> <span class='ocrx_word' id='word_1_35' title='bbox 548 1022 625 1087; x_wconf 90' lang='lat' dir='ltr'><strong>Post</strong></span> <span class='ocrx_word' id='word_1_36' title='bbox 638 1021 858 1086; x_wconf 80' lang='lat' dir='ltr'><strong>Theodericum</strong></span> <span class='ocrx_word' id='word_1_37' title='bbox 883 1022 1019 1105; x_wconf 85' lang='lat' dir='ltr'><strong>regnavit</strong></span> <span class='ocrx_word' id='word_1_38' title='bbox 1048 1021 1216 1085; x_wconf 84' lang='lat' dir='ltr'><strong>Clodoveus</strong></span> <span class='ocrx_word' id='word_1_39' title='bbox 1242 1021 1329 1084; x_wconf 85' lang='lat' dir='ltr'><strong>lilius</strong></span> <span class='ocrx_word' id='word_1_40' title='bbox 1360 1022 1434 1104; x_wconf 75' lang='lat' dir='ltr'><strong>ejus,</strong></span> 
     </span>
     <span class='ocr_line' id='line_1_7' title="bbox 328 1120 1434 1210; baseline -0.005 -20"><span class='ocrx_word' id='word_1_41' title='bbox 328 1135 398 1210; x_wconf 89' lang='lat' dir='ltr'><strong>post</strong></span> <span class='ocrx_word' id='word_1_42' title='bbox 426 1124 648 1189; x_wconf 83' lang='lat' dir='ltr'><strong>Childerbertns</strong></span> <span class='ocrx_word' id='word_1_43' title='bbox 677 1124 770 1188; x_wconf 77' lang='lat' dir='ltr'><strong>frater</strong></span> <span class='ocrx_word' id='word_1_44' title='bbox 790 1123 904 1206; x_wconf 81' lang='lat' dir='ltr'><strong>junior,</strong></span> <span class='ocrx_word' id='word_1_45' title='bbox 936 1130 1006 1206; x_wconf 86' lang='lat' dir='ltr'><strong>post</strong></span> <span class='ocrx_word' id='word_1_46' title='bbox 1033 1121 1224 1205; x_wconf 83' lang='lat' dir='ltr'><strong>Dagobertus</strong></span> <span class='ocrx_word' id='word_1_47' title='bbox 1248 1120 1333 1184; x_wconf 83' lang='lat' dir='ltr'><strong>iilius</strong></span> <span class='ocrx_word' id='word_1_48' title='bbox 1360 1123 1434 1205; x_wconf 86' lang='lat' dir='ltr'><strong>ejus.</strong></span> 
     </span>
     <span class='ocr_line' id='line_1_8' title="bbox 328 1222 1437 1308; baseline -0.004 -18"><span class='ocrx_word' id='word_1_49' title='bbox 328 1228 414 1290; x_wconf 80' lang='lat' dir='ltr'><strong>&#39;lune</strong></span> <span class='ocrx_word' id='word_1_50' title='bbox 424 1225 532 1290; x_wconf 74' lang='lat' dir='ltr'><strong>deiecit</strong></span> <span class='ocrx_word' id='word_1_51' title='bbox 545 1225 643 1308; x_wconf 82' lang='lat' dir='ltr'><strong>regale</strong></span> <span class='ocrx_word' id='word_1_52' title='bbox 655 1245 776 1308; x_wconf 78' lang='lat' dir='ltr'><strong>genuae</strong></span> <span class='ocrx_word' id='word_1_53' title='bbox 794 1223 964 1287; x_wconf 82' lang='lat' dir='ltr'><strong>Prudentia.</strong></span> <span class='ocrx_word' id='word_1_54' title='bbox 1009 1223 1083 1286; x_wconf 86' lang='lat' dir='ltr'><strong>Post</strong></span> <span class='ocrx_word' id='word_1_55' title='bbox 1092 1223 1174 1286; x_wconf 90' lang='lat' dir='ltr'><strong>hune</strong></span> <span class='ocrx_word' id='word_1_56' title='bbox 1185 1223 1295 1286; x_wconf 83' lang='lat' dir='ltr'><strong>Daniel</strong></span> <span class='ocrx_word' id='word_1_57' title='bbox 1311 1222 1437 1286; x_wconf 80' lang='lat' dir='ltr'><strong>clericus</strong></span> 
     </span>
     <span class='ocr_line' id='line_1_9' title="bbox 328 1324 1437 1411; baseline -0.004 -21"><span class='ocrx_word' id='word_1_58' title='bbox 328 1329 419 1392; x_wconf 82' lang='lat' dir='ltr'><strong>irater</strong></span> <span class='ocrx_word' id='word_1_59' title='bbox 432 1327 496 1411; x_wconf 82' lang='lat' dir='ltr'><strong>ejus</strong></span> <span class='ocrx_word' id='word_1_60' title='bbox 509 1327 660 1410; x_wconf 83' lang='lat' dir='ltr'><strong>insipiens,</strong></span> <span class='ocrx_word' id='word_1_61' title='bbox 674 1326 725 1409; x_wconf 90' lang='lat' dir='ltr'><strong>qni</strong></span> <span class='ocrx_word' id='word_1_62' title='bbox 739 1325 925 1390; x_wconf 82' lang='lat' dir='ltr'><strong>Ohilderieus</strong></span> <span class='ocrx_word' id='word_1_63' title='bbox 941 1324 1039 1387; x_wconf 87' lang='lat' dir='ltr'><strong>dietus</strong></span> <span class='ocrx_word' id='word_1_64' title='bbox 1055 1330 1110 1388; x_wconf 89' lang='lat' dir='ltr'><strong>est.</strong></span> <span class='ocrx_word' id='word_1_65' title='bbox 1170 1325 1254 1400; x_wconf 86' lang='lat' dir='ltr'><strong>Post,</strong></span> <span class='ocrx_word' id='word_1_66' title='bbox 1270 1324 1437 1387; x_wconf 76' lang='lat' dir='ltr'><strong>Theodori·</strong></span> 
     </span>
     <span class='ocr_line' id='line_1_10' title="bbox 332 1424 1440 1513; baseline -0.005 -20"><span class='ocrx_word' id='word_1_67' title='bbox 332 1451 385 1493; x_wconf 85' lang='lat' dir='ltr'><strong>ons</strong></span> <span class='ocrx_word' id='word_1_68' title='bbox 414 1428 599 1513; x_wconf 87' lang='lat' dir='ltr'><strong>propinquus</strong></span> <span class='ocrx_word' id='word_1_69' title='bbox 639 1427 722 1511; x_wconf 79' lang='lat' dir='ltr'><strong>ejus3</strong></span> <span class='ocrx_word' id='word_1_70' title='bbox 751 1433 831 1510; x_wconf 87' lang='lat' dir='ltr'><strong>post,</strong></span> <span class='ocrx_word' id='word_1_71' title='bbox 862 1425 1045 1490; x_wconf 83' lang='lat' dir='ltr'><strong>Obilderieus</strong></span> <span class='ocrx_word' id='word_1_72' title='bbox 1073 1425 1164 1488; x_wconf 79' lang='lat' dir='ltr'><strong>irater</strong></span> <span class='ocrx_word' id='word_1_73' title='bbox 1192 1425 1374 1489; x_wconf 78' lang='lat' dir='ltr'><strong>Theoderici</strong></span> <span class='ocrx_word' id='word_1_74' title='bbox 1401 1424 1440 1488; x_wconf 90' lang='lat' dir='ltr'><strong>ob</strong></span> 
     </span>
     <span class='ocr_line' id='line_1_11' title="bbox 331 1526 1438 1615; baseline -0.004 -21"><span class='ocrx_word' id='word_1_75' title='bbox 331 1531 479 1615; x_wconf 80' lang='lat' dir='ltr'><strong>ignauiam</strong></span> <span class='ocrx_word' id='word_1_76' title='bbox 493 1529 645 1612; x_wconf 85' lang='lat' dir='ltr'><strong>depositus</strong></span> <span class='ocrx_word' id='word_1_77' title='bbox 661 1535 691 1591; x_wconf 89' lang='lat' dir='ltr'><strong>et</strong></span> <span class='ocrx_word' id='word_1_78' title='bbox 706 1527 857 1592; x_wconf 83' lang='lat' dir='ltr'><strong>detonsus.</strong></span> <span class='ocrx_word' id='word_1_79' title='bbox 922 1527 964 1590; x_wconf 88' lang='lat' dir='ltr'><strong>Hi</strong></span> <span class='ocrx_word' id='word_1_80' title='bbox 980 1535 1051 1590; x_wconf 88' lang='lat' dir='ltr'><strong>sunt</strong></span> <span class='ocrx_word' id='word_1_81' title='bbox 1066 1548 1136 1609; x_wconf 86' lang='lat' dir='ltr'><strong>ergo</strong></span> <span class='ocrx_word' id='word_1_82' title='bbox 1152 1547 1235 1610; x_wconf 82' lang='lat' dir='ltr'><strong>reges</strong></span> <span class='ocrx_word' id='word_1_83' title='bbox 1250 1526 1438 1590; x_wconf 78' lang='lat' dir='ltr'><strong>Francorum</strong></span> 
     </span>
     <span class='ocr_line' id='line_1_12' title="bbox 333 1615 1438 1714; baseline -0.005 -19"><span class='ocrx_word' id='word_1_84' title='bbox 333 1654 370 1695; x_wconf 85' lang='lat' dir='ltr'><strong>ex</strong></span> <span class='ocrx_word' id='word_1_85' title='bbox 383 1632 481 1714; x_wconf 85' lang='lat' dir='ltr'><strong>prima</strong></span> <span class='ocrx_word' id='word_1_86' title='bbox 495 1631 630 1714; x_wconf 87' lang='lat' dir='ltr'><strong>prosapia</strong></span> <span class='ocrx_word' id='word_1_87' title='bbox 638 1629 850 1694; x_wconf 83' lang='lat' dir='ltr'><strong>descendentes</strong></span> <span class='ocrx_word' id='word_1_88' title='bbox 864 1629 1013 1713; x_wconf 85' lang='lat' dir='ltr'><strong>perlilios.</strong></span> <span class='ocrx_word' id='word_1_89' title='bbox 1036 1628 1110 1692; x_wconf 82' lang='lat' dir='ltr'><strong>Post</strong></span> <span class='ocrx_word' id='word_1_90' title='bbox 1125 1628 1179 1691; x_wconf 89' lang='lat' dir='ltr'><strong>hos</strong></span> <span class='ocrx_word' id='word_1_91' title='bbox 1193 1649 1247 1712; x_wconf 89' lang='lat' dir='ltr'><strong>per</strong></span> <span class='ocrx_word' id='word_1_92' title='bbox 1263 1615 1438 1692; x_wconf 80' lang='lat' dir='ltr'><strong>muliebrem</strong></span> 
     </span>
     <span class='ocr_line' id='line_1_13' title="bbox 332 1728 1440 1814; baseline -0.003 -19"><span class='ocrx_word' id='word_1_93' title='bbox 332 1733 441 1796; x_wconf 86' lang='lat' dir='ltr'><strong>lineam</strong></span> <span class='ocrx_word' id='word_1_94' title='bbox 470 1737 638 1814; x_wconf 84' lang='lat' dir='ltr'><strong>reparatum</strong></span> <span class='ocrx_word' id='word_1_95' title='bbox 667 1737 713 1794; x_wconf 78' lang='lat' dir='ltr'><strong>eat</strong></span> <span class='ocrx_word' id='word_1_96' title='bbox 741 1752 837 1813; x_wconf 86' lang='lat' dir='ltr'><strong>genus</strong></span> <span class='ocrx_word' id='word_1_97' title='bbox 876 1731 989 1814; x_wconf 84' lang='lat' dir='ltr'><strong>regium</strong></span> <span class='ocrx_word' id='word_1_98' title='bbox 1019 1729 1078 1794; x_wconf 88' lang='lat' dir='ltr'><strong>hoo</strong></span> <span class='ocrx_word' id='word_1_99' title='bbox 1112 1729 1214 1792; x_wconf 82' lang='lat' dir='ltr'><strong>modo.</strong></span> <span class='ocrx_word' id='word_1_100' title='bbox 1266 1728 1440 1793; x_wconf 88' lang='lat' dir='ltr'><strong>Ansbertus</strong></span> 
     </span>
     <span class='ocr_line' id='line_1_14' title="bbox 332 1831 1438 1915; baseline -0.003 -18"><span class='ocrx_word' id='word_1_101' title='bbox 332 1838 451 1897; x_wconf 70' lang='lat' dir='ltr'><strong>mirator</strong></span> <span class='ocrx_word' id='word_1_102' title='bbox 474 1832 579 1914; x_wconf 80' lang='lat' dir='ltr'><strong>gennit</strong></span> <span class='ocrx_word' id='word_1_103' title='bbox 601 1854 638 1894; x_wconf 84' lang='lat' dir='ltr'><strong>ex</strong></span> <span class='ocrx_word' id='word_1_104' title='bbox 664 1831 810 1895; x_wconf 90' lang='lat' dir='ltr'><strong>Blithilde</strong></span> <span class='ocrx_word' id='word_1_105' title='bbox 836 1853 935 1896; x_wconf 87' lang='lat' dir='ltr'><strong>sorore</strong></span> <span class='ocrx_word' id='word_1_106' title='bbox 961 1831 1128 1915; x_wconf 81' lang='lat' dir='ltr'><strong>Dagoberti</strong></span> <span class='ocrx_word' id='word_1_107' title='bbox 1149 1831 1238 1914; x_wconf 89' lang='lat' dir='ltr'><strong>primi</strong></span> <span class='ocrx_word' id='word_1_108' title='bbox 1260 1831 1438 1894; x_wconf 84' lang='lat' dir='ltr'><strong>Arnnldum.</strong></span> 
     </span>
     <span class='ocr_line' id='line_1_15' title="bbox 338 1932 1438 2017; baseline -0.002 -19"><span class='ocrx_word' id='word_1_109' title='bbox 338 1933 487 1999; x_wconf 83' lang='lat' dir='ltr'><strong>Arnnldus</strong></span> <span class='ocrx_word' id='word_1_110' title='bbox 511 1933 616 2015; x_wconf 77' lang='lat' dir='ltr'><strong>genuit</strong></span> <span class='ocrx_word' id='word_1_111' title='bbox 654 1940 792 1997; x_wconf 87' lang='lat' dir='ltr'><strong>sanetum</strong></span> <span class='ocrx_word' id='word_1_112' title='bbox 820 1932 981 1996; x_wconf 80' lang='lat' dir='ltr'><strong>Amulium</strong></span> <span class='ocrx_word' id='word_1_113' title='bbox 1018 1933 1191 2017; x_wconf 82' lang='lat' dir='ltr'><strong>episcopum</strong></span> <span class='ocrx_word' id='word_1_114' title='bbox 1224 1932 1438 2009; x_wconf 83' lang='lat' dir='ltr'><strong>Metheusem;</strong></span> 
     </span>
     <span class='ocr_line' id='line_1_16' title="bbox 340 2033 1438 2118; baseline 0 -20"><span class='ocrx_word' id='word_1_115' title='bbox 340 2034 487 2099; x_wconf 75' lang='lat' dir='ltr'><strong>Amullus</strong></span> <span class='ocrx_word' id='word_1_116' title='bbox 514 2056 552 2097; x_wconf 77' lang='lat' dir='ltr'><strong>ex</strong></span> <span class='ocrx_word' id='word_1_117' title='bbox 573 2033 636 2097; x_wconf 80' lang='lat' dir='ltr'><strong>filia</strong></span> <span class='ocrx_word' id='word_1_118' title='bbox 657 2034 757 2118; x_wconf 89' lang='lat' dir='ltr'><strong>Pipini</strong></span> <span class='ocrx_word' id='word_1_119' title='bbox 784 2033 916 2117; x_wconf 83' lang='lat' dir='ltr'><strong>praefecti</strong></span> <span class='ocrx_word' id='word_1_120' title='bbox 941 2033 1107 2118; x_wconf 83' lang='lat' dir='ltr'><strong>Dagoberti</strong></span> <span class='ocrx_word' id='word_1_121' title='bbox 1129 2033 1235 2116; x_wconf 86' lang='lat' dir='ltr'><strong>genuit</strong></span> <span class='ocrx_word' id='word_1_122' title='bbox 1259 2033 1438 2098; x_wconf 76' lang='lat' dir='ltr'><strong>lhodullum</strong></span> 
     </span>
     <span class='ocr_line' id='line_1_17' title="bbox 337 2135 1439 2222; baseline -0.002 -21"><span class='ocrx_word' id='word_1_123' title='bbox 337 2143 452 2222; x_wconf 82' lang='lat' dir='ltr'><strong>patrem</strong></span> <span class='ocrx_word' id='word_1_124' title='bbox 472 2135 598 2200; x_wconf 86' lang='lat' dir='ltr'><strong>Martini</strong></span> <span class='ocrx_word' id='word_1_125' title='bbox 622 2158 712 2219; x_wconf 85' lang='lat' dir='ltr'><strong>quem</strong></span> <span class='ocrx_word' id='word_1_126' title='bbox 733 2135 844 2200; x_wconf 84' lang='lat' dir='ltr'><strong>oceidit</strong></span> <span class='ocrx_word' id='word_1_127' title='bbox 868 2135 1053 2214; x_wconf 86' lang='lat' dir='ltr'><strong>Hebroinus,</strong></span> <span class='ocrx_word' id='word_1_128' title='bbox 1075 2141 1105 2198; x_wconf 90' lang='lat' dir='ltr'><strong>et</strong></span> <span class='ocrx_word' id='word_1_129' title='bbox 1127 2135 1303 2200; x_wconf 85' lang='lat' dir='ltr'><strong>Galehisum</strong></span> <span class='ocrx_word' id='word_1_130' title='bbox 1325 2143 1439 2219; x_wconf 76' lang='lat' dir='ltr'><strong>patrem</strong></span> 
     </span>
     <span class='ocr_line' id='line_1_18' title="bbox 338 2236 1440 2321; baseline -0.002 -19"><span class='ocrx_word' id='word_1_131' title='bbox 338 2238 433 2302; x_wconf 81' lang='lat' dir='ltr'><strong>sancti</strong></span> <span class='ocrx_word' id='word_1_132' title='bbox 463 2236 676 2321; x_wconf 73' lang='lat' dir='ltr'><strong>wandregisili</strong></span> <span class='ocrx_word' id='word_1_133' title='bbox 698 2243 729 2301; x_wconf 91' lang='lat' dir='ltr'><strong>et</strong></span> <span class='ocrx_word' id='word_1_134' title='bbox 753 2237 958 2321; x_wconf 84' lang='lat' dir='ltr'><strong>Ansegisilum</strong></span> <span class='ocrx_word' id='word_1_135' title='bbox 983 2244 1097 2321; x_wconf 89' lang='lat' dir='ltr'><strong>patrem</strong></span> <span class='ocrx_word' id='word_1_136' title='bbox 1120 2237 1220 2320; x_wconf 91' lang='lat' dir='ltr'><strong>Pipini</strong></span> <span class='ocrx_word' id='word_1_137' title='bbox 1251 2237 1359 2301; x_wconf 90' lang='lat' dir='ltr'><strong>vetuli.</strong></span> <span class='ocrx_word' id='word_1_138' title='bbox 1398 2237 1440 2301; x_wconf 91' lang='lat' dir='ltr'><strong>Hi</strong></span> 
     </span>
     <span class='ocr_line' id='line_1_19' title="bbox 337 2337 1438 2424; baseline 0.003 -22"><span class='ocrx_word' id='word_1_139' title='bbox 337 2345 410 2403; x_wconf 81' lang='lat' dir='ltr'><strong>sunt</strong></span> <span class='ocrx_word' id='word_1_140' title='bbox 449 2361 532 2422; x_wconf 87' lang='lat' dir='ltr'><strong>reges</strong></span> <span class='ocrx_word' id='word_1_141' title='bbox 562 2339 742 2402; x_wconf 81' lang='lat' dir='ltr'><strong>Franeornm</strong></span> <span class='ocrx_word' id='word_1_142' title='bbox 776 2339 989 2405; x_wconf 82' lang='lat' dir='ltr'><strong>descendentes</strong></span> <span class='ocrx_word' id='word_1_143' title='bbox 1022 2360 1076 2422; x_wconf 89' lang='lat' dir='ltr'><strong>per</strong></span> <span class='ocrx_word' id='word_1_144' title='bbox 1105 2337 1279 2424; x_wconf 79' lang='lat' dir='ltr'><strong>muliebrem</strong></span> <span class='ocrx_word' id='word_1_145' title='bbox 1320 2337 1438 2406; x_wconf 82' lang='lat' dir='ltr'><strong>lineam.</strong></span> 
     </span>
     <span class='ocr_line' id='line_1_20' title="bbox 337 2443 1439 2528; baseline 0.003 -21"><span class='ocrx_word' id='word_1_146' title='bbox 337 2443 469 2527; x_wconf 87' lang='lat' dir='ltr'><strong>Pepinus</strong></span> <span class='ocrx_word' id='word_1_147' title='bbox 501 2443 617 2520; x_wconf 76' lang='lat' dir='ltr'><strong>tertiae,</strong></span> <span class='ocrx_word' id='word_1_148' title='bbox 648 2443 898 2521; x_wconf 84' lang='lat' dir='ltr'><strong>Karolomannns‚</strong></span> <span class='ocrx_word' id='word_1_149' title='bbox 931 2444 1069 2522; x_wconf 86' lang='lat' dir='ltr'><strong>Karolus‚</strong></span> <span class='ocrx_word' id='word_1_150' title='bbox 1094 2445 1237 2528; x_wconf 77' lang='lat' dir='ltr'><strong>Pepinus,</strong></span> <span class='ocrx_word' id='word_1_151' title='bbox 1259 2443 1439 2522; x_wconf 86' lang='lat' dir='ltr'><strong>Lodovieus,</strong></span> 
     </span>
     <span class='ocr_line' id='line_1_21' title="bbox 339 2543 1440 2629; baseline 0.004 -23"><span class='ocrx_word' id='word_1_152' title='bbox 339 2543 479 2620; x_wconf 86' lang='lat' dir='ltr'><strong>Karolus,</strong></span> <span class='ocrx_word' id='word_1_153' title='bbox 498 2543 676 2622; x_wconf 76' lang='lat' dir='ltr'><strong>Lodovious,</strong></span> <span class='ocrx_word' id='word_1_154' title='bbox 693 2545 832 2622; x_wconf 81' lang='lat' dir='ltr'><strong>Karalus,</strong></span> <span class='ocrx_word' id='word_1_155' title='bbox 854 2545 1042 2629; x_wconf 84' lang='lat' dir='ltr'><strong>Radulpbns,</strong></span> <span class='ocrx_word' id='word_1_156' title='bbox 1067 2545 1246 2623; x_wconf 78' lang='lat' dir='ltr'><strong>Lodoviens,</strong></span> <span class='ocrx_word' id='word_1_157' title='bbox 1269 2545 1440 2610; x_wconf 79' lang='lat' dir='ltr'><strong>Lotharius·</strong></span> 
     </span>
     <span class='ocr_line' id='line_1_22' title="bbox 339 2645 1441 2732; baseline 0.002 -24"><span class='ocrx_word' id='word_1_158' title='bbox 339 2646 423 2708; x_wconf 83' lang='lat' dir='ltr'><strong>Gens</strong></span> <span class='ocrx_word' id='word_1_159' title='bbox 438 2645 672 2728; x_wconf 84' lang='lat' dir='ltr'><strong>Meroingorum‚</strong></span> <span class='ocrx_word' id='word_1_160' title='bbox 696 2646 734 2709; x_wconf 89' lang='lat' dir='ltr'><strong>de</strong></span> <span class='ocrx_word' id='word_1_161' title='bbox 757 2669 816 2730; x_wconf 88' lang='lat' dir='ltr'><strong>qua</strong></span> <span class='ocrx_word' id='word_1_162' title='bbox 834 2647 940 2712; x_wconf 85' lang='lat' dir='ltr'><strong>Franci</strong></span> <span class='ocrx_word' id='word_1_163' title='bbox 960 2648 1016 2711; x_wconf 84' lang='lat' dir='ltr'><strong>sibi</strong></span> <span class='ocrx_word' id='word_1_164' title='bbox 1030 2671 1115 2732; x_wconf 78' lang='lat' dir='ltr'><strong>reges</strong></span> <span class='ocrx_word' id='word_1_165' title='bbox 1139 2669 1236 2712; x_wconf 82' lang='lat' dir='ltr'><strong>creare</strong></span> <span class='ocrx_word' id='word_1_166' title='bbox 1257 2647 1336 2711; x_wconf 92' lang='lat' dir='ltr'><strong>soliti</strong></span> <span class='ocrx_word' id='word_1_167' title='bbox 1350 2654 1441 2720; x_wconf 87' lang='lat' dir='ltr'><strong>erant,</strong></span> 
     </span>
     <span class='ocr_line' id='line_1_23' title="bbox 339 2745 1440 2834; baseline 0.005 -26"><span class='ocrx_word' id='word_1_168' title='bbox 339 2767 434 2828; x_wconf 89' lang='lat' dir='ltr'><strong>nsque</strong></span> <span class='ocrx_word' id='word_1_169' title='bbox 448 2745 487 2809; x_wconf 87' lang='lat' dir='ltr'><strong>ad</strong></span> <span class='ocrx_word' id='word_1_170' title='bbox 500 2745 807 2830; x_wconf 78' lang='lat' dir='ltr'><strong>Childerieumregern</strong></span> <span class='ocrx_word' id='word_1_171' title='bbox 818 2748 945 2827; x_wconf 89' lang='lat' dir='ltr'><strong>duravit,</strong></span> <span class='ocrx_word' id='word_1_172' title='bbox 962 2751 1013 2832; x_wconf 86' lang='lat' dir='ltr'><strong>qni</strong></span> <span class='ocrx_word' id='word_1_173' title='bbox 1026 2751 1110 2834; x_wconf 88' lang='lat' dir='ltr'><strong>justa</strong></span> <span class='ocrx_word' id='word_1_174' title='bbox 1132 2749 1280 2812; x_wconf 84' lang='lat' dir='ltr'><strong>sententia</strong></span> <span class='ocrx_word' id='word_1_175' title='bbox 1296 2750 1440 2834; x_wconf 76' lang='lat' dir='ltr'><strong>Stephani</strong></span> 
     </span>
     <span class='ocr_line' id='line_1_24' title="bbox 342 2848 1441 2932; baseline 0.006 -23"><span class='ocrx_word' id='word_1_176' title='bbox 342 2848 431 2930; x_wconf 79' lang='lat' dir='ltr'><strong>Papae</strong></span> <span class='ocrx_word' id='word_1_177' title='bbox 449 2870 467 2910; x_wconf 86' lang='lat' dir='ltr'><strong>a</strong></span> <span class='ocrx_word' id='word_1_178' title='bbox 487 2869 581 2930; x_wconf 84' lang='lat' dir='ltr'><strong>regno</strong></span> <span class='ocrx_word' id='word_1_179' title='bbox 601 2848 754 2932; x_wconf 83' lang='lat' dir='ltr'><strong>depositus</strong></span> <span class='ocrx_word' id='word_1_180' title='bbox 773 2857 804 2914; x_wconf 88' lang='lat' dir='ltr'><strong>et</strong></span> <span class='ocrx_word' id='word_1_181' title='bbox 824 2851 968 2916; x_wconf 87' lang='lat' dir='ltr'><strong>detonsus</strong></span> <span class='ocrx_word' id='word_1_182' title='bbox 988 2853 1020 2916; x_wconf 90' lang='lat' dir='ltr'><strong>in</strong></span> <span class='ocrx_word' id='word_1_183' title='bbox 1041 2853 1252 2916; x_wconf 87' lang='lat' dir='ltr'><strong>monasterium</strong></span> <span class='ocrx_word' id='word_1_184' title='bbox 1270 2859 1373 2916; x_wconf 86' lang='lat' dir='ltr'><strong>trusus</strong></span> <span class='ocrx_word' id='word_1_185' title='bbox 1388 2859 1441 2930; x_wconf 88' lang='lat' dir='ltr'><strong>est,</strong></span> 
     </span>
     <span class='ocr_line' id='line_1_25' title="bbox 341 2949 1440 3037; baseline 0.005 -26"><span class='ocrx_word' id='word_1_186' title='bbox 341 2949 412 3031; x_wconf 86' lang='lat' dir='ltr'><strong>quia</strong></span> <span class='ocrx_word' id='word_1_187' title='bbox 432 2949 545 3012; x_wconf 86' lang='lat' dir='ltr'><strong>nullius</strong></span> <span class='ocrx_word' id='word_1_188' title='bbox 568 2951 677 3034; x_wconf 86' lang='lat' dir='ltr'><strong>vigoris</strong></span> <span class='ocrx_word' id='word_1_189' title='bbox 699 2959 752 3014; x_wconf 88' lang='lat' dir='ltr'><strong>ant</strong></span> <span class='ocrx_word' id='word_1_190' title='bbox 774 2953 915 3035; x_wconf 82' lang='lat' dir='ltr'><strong>potentiae</strong></span> <span class='ocrx_word' id='word_1_191' title='bbox 938 2962 1009 3032; x_wconf 85' lang='lat' dir='ltr'><strong>erat,</strong></span> <span class='ocrx_word' id='word_1_192' title='bbox 1032 2974 1087 3017; x_wconf 88' lang='lat' dir='ltr'><strong>neo</strong></span> <span class='ocrx_word' id='word_1_193' title='bbox 1110 2953 1181 3037; x_wconf 89' lang='lat' dir='ltr'><strong>quid</strong></span> <span class='ocrx_word' id='word_1_194' title='bbox 1203 2953 1236 3016; x_wconf 92' lang='lat' dir='ltr'><strong>in</strong></span> <span class='ocrx_word' id='word_1_195' title='bbox 1267 2975 1298 3016; x_wconf 85' lang='lat' dir='ltr'><strong>se</strong></span> <span class='ocrx_word' id='word_1_196' title='bbox 1329 2953 1440 3016; x_wconf 86' lang='lat' dir='ltr'><strong>clarum</strong></span> 
     </span>
     <span class='ocr_line' id='line_1_26' title="bbox 343 3051 1441 3140; baseline 0.005 -27"><span class='ocrx_word' id='word_1_197' title='bbox 343 3051 509 3130; x_wconf 81' lang='lat' dir='ltr'><strong>proferebat</strong></span> <span class='ocrx_word' id='word_1_198' title='bbox 523 3060 629 3136; x_wconf 83' lang='lat' dir='ltr'><strong>praeter</strong></span> <span class='ocrx_word' id='word_1_199' title='bbox 642 3053 730 3117; x_wconf 87' lang='lat' dir='ltr'><strong>inane</strong></span> <span class='ocrx_word' id='word_1_200' title='bbox 743 3055 823 3138; x_wconf 79' lang='lat' dir='ltr'><strong>regis</strong></span> <span class='ocrx_word' id='word_1_201' title='bbox 845 3054 1033 3120; x_wconf 87' lang='lat' dir='ltr'><strong>vocabulum.</strong></span> <span class='ocrx_word' id='word_1_202' title='bbox 1077 3055 1158 3120; x_wconf 88' lang='lat' dir='ltr'><strong>Nam</strong></span> <span class='ocrx_word' id='word_1_203' title='bbox 1173 3063 1203 3118; x_wconf 87' lang='lat' dir='ltr'><strong>et</strong></span> <span class='ocrx_word' id='word_1_204' title='bbox 1226 3077 1296 3140; x_wconf 90' lang='lat' dir='ltr'><strong>opes</strong></span> <span class='ocrx_word' id='word_1_205' title='bbox 1313 3061 1343 3118; x_wconf 89' lang='lat' dir='ltr'><strong>et</strong></span> <span class='ocrx_word' id='word_1_206' title='bbox 1357 3055 1441 3139; x_wconf 81' lang='lat' dir='ltr'><strong>regni</strong></span> 
     </span>
     <span class='ocr_line' id='line_1_27' title="bbox 341 3155 1441 3240; baseline 0.005 -25"><span class='ocrx_word' id='word_1_207' title='bbox 341 3155 475 3237; x_wconf 84' lang='lat' dir='ltr'><strong>potentia</strong></span> <span class='ocrx_word' id='word_1_208' title='bbox 518 3176 610 3238; x_wconf 86' lang='lat' dir='ltr'><strong>penes</strong></span> <span class='ocrx_word' id='word_1_209' title='bbox 646 3155 802 3239; x_wconf 73' lang='lat' dir='ltr'><strong>praefectos</strong></span> <span class='ocrx_word' id='word_1_210' title='bbox 842 3156 944 3240; x_wconf 86' lang='lat' dir='ltr'><strong>palatii</strong></span> <span class='ocrx_word' id='word_1_211' title='bbox 981 3158 1147 3234; x_wconf 85' lang='lat' dir='ltr'><strong>tenebatur,</strong></span> <span class='ocrx_word' id='word_1_212' title='bbox 1185 3179 1239 3220; x_wconf 83' lang='lat' dir='ltr'><strong>neo</strong></span> <span class='ocrx_word' id='word_1_213' title='bbox 1277 3158 1340 3240; x_wconf 87' lang='lat' dir='ltr'><strong>regi</strong></span> <span class='ocrx_word' id='word_1_214' title='bbox 1370 3157 1441 3240; x_wconf 91' lang='lat' dir='ltr'><strong>quid</strong></span> 
     </span>
     <span class='ocr_line' id='line_1_28' title="bbox 341 3253 1442 3340; baseline 0.005 -24"><span class='ocrx_word' id='word_1_215' title='bbox 341 3253 540 3336; x_wconf 88' lang='lat' dir='ltr'><strong>linquebatnr,</strong></span> <span class='ocrx_word' id='word_1_216' title='bbox 571 3277 660 3338; x_wconf 86' lang='lat' dir='ltr'><strong>quam</strong></span> <span class='ocrx_word' id='word_1_217' title='bbox 687 3265 722 3319; x_wconf 92' lang='lat' dir='ltr'><strong>nt</strong></span> <span class='ocrx_word' id='word_1_218' title='bbox 750 3257 832 3340; x_wconf 81' lang='lat' dir='ltr'><strong>regio</strong></span> <span class='ocrx_word' id='word_1_219' title='bbox 861 3263 977 3320; x_wconf 85' lang='lat' dir='ltr'><strong>tanturn</strong></span> <span class='ocrx_word' id='word_1_220' title='bbox 1009 3260 1130 3322; x_wconf 89' lang='lat' dir='ltr'><strong>nomine</strong></span> <span class='ocrx_word' id='word_1_221' title='bbox 1160 3264 1331 3334; x_wconf 82' lang='lat' dir='ltr'><strong>contentus,</strong></span> <span class='ocrx_word' id='word_1_222' title='bbox 1362 3260 1442 3322; x_wconf 84' lang='lat' dir='ltr'><strong>crine</strong></span> 
     </span>
     <span class='ocr_line' id='line_1_29' title="bbox 343 3355 1442 3443; baseline 0.005 -27"><span class='ocrx_word' id='word_1_223' title='bbox 343 3355 475 3436; x_wconf 82' lang='lat' dir='ltr'><strong>profuso,</strong></span> <span class='ocrx_word' id='word_1_224' title='bbox 505 3355 597 3419; x_wconf 88' lang='lat' dir='ltr'><strong>barba</strong></span> <span class='ocrx_word' id='word_1_225' title='bbox 626 3356 782 3434; x_wconf 84' lang='lat' dir='ltr'><strong>submissa,</strong></span> <span class='ocrx_word' id='word_1_226' title='bbox 813 3358 888 3421; x_wconf 88' lang='lat' dir='ltr'><strong>solio</strong></span> <span class='ocrx_word' id='word_1_227' title='bbox 927 3360 1057 3422; x_wconf 83' lang='lat' dir='ltr'><strong>residens</strong></span> <span class='ocrx_word' id='word_1_228' title='bbox 1089 3359 1216 3443; x_wconf 84' lang='lat' dir='ltr'><strong>speeiem</strong></span> <span class='ocrx_word' id='word_1_229' title='bbox 1259 3359 1442 3422; x_wconf 87' lang='lat' dir='ltr'><strong>dominantis</strong></span> 
     </span>
     <span class='ocr_line' id='line_1_30' title="bbox 343 3455 1442 3544; baseline 0.008 -29"><span class='ocrx_word' id='word_1_230' title='bbox 343 3455 481 3536; x_wconf 86' lang='lat' dir='ltr'><strong>lingeret,</strong></span> <span class='ocrx_word' id='word_1_231' title='bbox 505 3455 618 3538; x_wconf 79' lang='lat' dir='ltr'><strong>legatos</strong></span> <span class='ocrx_word' id='word_1_232' title='bbox 648 3455 856 3541; x_wconf 79' lang='lat' dir='ltr'><strong>undecumque</strong></span> <span class='ocrx_word' id='word_1_233' title='bbox 885 3461 1035 3524; x_wconf 84' lang='lat' dir='ltr'><strong>venientes</strong></span> <span class='ocrx_word' id='word_1_234' title='bbox 1059 3459 1174 3524; x_wconf 87' lang='lat' dir='ltr'><strong>audiret</strong></span> <span class='ocrx_word' id='word_1_235' title='bbox 1203 3481 1348 3542; x_wconf 78' lang='lat' dir='ltr'><strong>responsa</strong></span> <span class='ocrx_word' id='word_1_236' title='bbox 1377 3481 1442 3544; x_wconf 83' lang='lat' dir='ltr'><strong>quae</strong></span> 
     </span>
     <span class='ocr_line' id='line_1_31' title="bbox 345 3555 1442 3644; baseline 0.005 -26"><span class='ocrx_word' id='word_1_237' title='bbox 345 3555 451 3618; x_wconf 82' lang='lat' dir='ltr'><strong>doetus</strong></span> <span class='ocrx_word' id='word_1_238' title='bbox 466 3557 511 3619; x_wconf 87' lang='lat' dir='ltr'><strong>vel</strong></span> <span class='ocrx_word' id='word_1_239' title='bbox 526 3558 626 3640; x_wconf 86' lang='lat' dir='ltr'><strong>jussus</strong></span> <span class='ocrx_word' id='word_1_240' title='bbox 642 3559 724 3622; x_wconf 88' lang='lat' dir='ltr'><strong>velut</strong></span> <span class='ocrx_word' id='word_1_241' title='bbox 744 3582 780 3624; x_wconf 80' lang='lat' dir='ltr'><strong>ex</strong></span> <span class='ocrx_word' id='word_1_242' title='bbox 797 3584 850 3624; x_wconf 89' lang='lat' dir='ltr'><strong>sua</strong></span> <span class='ocrx_word' id='word_1_243' title='bbox 871 3569 1018 3644; x_wconf 85' lang='lat' dir='ltr'><strong>potestate</strong></span> <span class='ocrx_word' id='word_1_244' title='bbox 1034 3563 1169 3627; x_wconf 87' lang='lat' dir='ltr'><strong>redderet</strong></span> <span class='ocrx_word' id='word_1_245' title='bbox 1186 3562 1292 3644; x_wconf 86' lang='lat' dir='ltr'><strong>legatis</strong></span> <span class='ocrx_word' id='word_1_246' title='bbox 1308 3560 1442 3626; x_wconf 85' lang='lat' dir='ltr'><strong>abeunti-</strong></span> 
     </span>
     <span class='ocr_line' id='line_1_32' title="bbox 346 3655 1442 3747; baseline 0.007 -29"><span class='ocrx_word' id='word_1_247' title='bbox 346 3655 411 3733; x_wconf 86' lang='lat' dir='ltr'><strong>bus,</strong></span> <span class='ocrx_word' id='word_1_248' title='bbox 428 3678 520 3739; x_wconf 90' lang='lat' dir='ltr'><strong>quum</strong></span> <span class='ocrx_word' id='word_1_249' title='bbox 539 3658 581 3720; x_wconf 91' lang='lat' dir='ltr'><strong>nil</strong></span> <span class='ocrx_word' id='word_1_250' title='bbox 607 3659 769 3741; x_wconf 80' lang='lat' dir='ltr'><strong>possideret</strong></span> <span class='ocrx_word' id='word_1_251' title='bbox 788 3663 845 3725; x_wconf 89' lang='lat' dir='ltr'><strong>nisi</strong></span> <span class='ocrx_word' id='word_1_252' title='bbox 860 3665 943 3746; x_wconf 88' lang='lat' dir='ltr'><strong>parvi</strong></span> <span class='ocrx_word' id='word_1_253' title='bbox 968 3665 1081 3727; x_wconf 84' lang='lat' dir='ltr'><strong>reditus</strong></span> <span class='ocrx_word' id='word_1_254' title='bbox 1104 3685 1193 3726; x_wconf 88' lang='lat' dir='ltr'><strong>unam</strong></span> <span class='ocrx_word' id='word_1_255' title='bbox 1209 3663 1310 3725; x_wconf 90' lang='lat' dir='ltr'><strong>villam</strong></span> <span class='ocrx_word' id='word_1_256' title='bbox 1330 3663 1363 3726; x_wconf 93' lang='lat' dir='ltr'><strong>in</strong></span> <span class='ocrx_word' id='word_1_257' title='bbox 1385 3685 1442 3747; x_wconf 89' lang='lat' dir='ltr'><strong>qua</strong></span> 
     </span>
     <span class='ocr_line' id='line_1_33' title="bbox 346 3757 1443 3848; baseline 0.006 -27"><span class='ocrx_word' id='word_1_258' title='bbox 346 3757 469 3822; x_wconf 89' lang='lat' dir='ltr'><strong>domurn</strong></span> <span class='ocrx_word' id='word_1_259' title='bbox 484 3772 515 3822; x_wconf 89' lang='lat' dir='ltr'><strong>et</strong></span> <span class='ocrx_word' id='word_1_260' title='bbox 537 3760 663 3824; x_wconf 80' lang='lat' dir='ltr'><strong>famulos</strong></span> <span class='ocrx_word' id='word_1_261' title='bbox 689 3785 791 3846; x_wconf 85' lang='lat' dir='ltr'><strong>paneae</strong></span> <span class='ocrx_word' id='word_1_262' title='bbox 817 3766 1034 3829; x_wconf 80' lang='lat' dir='ltr'><strong>numerositatis</strong></span> <span class='ocrx_word' id='word_1_263' title='bbox 1060 3765 1197 3830; x_wconf 85' lang='lat' dir='ltr'><strong>habebat.</strong></span> <span class='ocrx_word' id='word_1_264' title='bbox 1243 3763 1443 3848; x_wconf 77' lang='lat' dir='ltr'><strong>Quocumque</strong></span> 
     </span>
    </p>
   </div>
   <div class='ocr_carea' id='block_1_3' title="bbox 346 3859 1443 4152">
    <p class='ocr_par' dir='ltr' id='par_1_3' title="bbox 346 3859 1443 4152">
     <span class='ocr_line' id='line_1_34' title="bbox 346 3859 1443 3950; baseline 0.005 -28"><span class='ocrx_word' id='word_1_265' title='bbox 346 3859 477 3924; x_wconf 79' lang='lat' dir='ltr'><strong>eundum</strong></span> <span class='ocrx_word' id='word_1_266' title='bbox 514 3867 578 3924; x_wconf 88' lang='lat' dir='ltr'><strong>erat</strong></span> <span class='ocrx_word' id='word_1_267' title='bbox 607 3871 749 3944; x_wconf 85' lang='lat' dir='ltr'><strong>carpento</strong></span> <span class='ocrx_word' id='word_1_268' title='bbox 778 3864 850 3941; x_wconf 87' lang='lat' dir='ltr'><strong>ibat,</strong></span> <span class='ocrx_word' id='word_1_269' title='bbox 873 3866 952 3949; x_wconf 89' lang='lat' dir='ltr'><strong>quod</strong></span> <span class='ocrx_word' id='word_1_270' title='bbox 983 3866 1081 3930; x_wconf 87' lang='lat' dir='ltr'><strong>bubus</strong></span> <span class='ocrx_word' id='word_1_271' title='bbox 1107 3868 1220 3950; x_wconf 83' lang='lat' dir='ltr'><strong>junctis</strong></span> <span class='ocrx_word' id='word_1_272' title='bbox 1251 3872 1282 3928; x_wconf 86' lang='lat' dir='ltr'><strong>et</strong></span> <span class='ocrx_word' id='word_1_273' title='bbox 1313 3865 1443 3930; x_wconf 87' lang='lat' dir='ltr'><strong>bubulco</strong></span> 
     </span>
     <span class='ocr_line' id='line_1_35' title="bbox 346 3962 1443 4052; baseline 0.005 -28"><span class='ocrx_word' id='word_1_274' title='bbox 346 3962 456 4025; x_wconf 75' lang='lat' dir='ltr'><strong>mistico</strong></span> <span class='ocrx_word' id='word_1_275' title='bbox 471 3984 552 4025; x_wconf 91' lang='lat' dir='ltr'><strong>more</strong></span> <span class='ocrx_word' id='word_1_276' title='bbox 566 3971 673 4047; x_wconf 84' lang='lat' dir='ltr'><strong>agente</strong></span> <span class='ocrx_word' id='word_1_277' title='bbox 687 3965 867 4043; x_wconf 83' lang='lat' dir='ltr'><strong>trahebatur,</strong></span> <span class='ocrx_word' id='word_1_278' title='bbox 881 3969 923 4031; x_wconf 87' lang='lat' dir='ltr'><strong>sio</strong></span> <span class='ocrx_word' id='word_1_279' title='bbox 946 3967 983 4031; x_wconf 87' lang='lat' dir='ltr'><strong>ad</strong></span> <span class='ocrx_word' id='word_1_280' title='bbox 1006 3968 1158 4052; x_wconf 90' lang='lat' dir='ltr'><strong>palatium,</strong></span> <span class='ocrx_word' id='word_1_281' title='bbox 1181 3970 1223 4032; x_wconf 88' lang='lat' dir='ltr'><strong>sie</strong></span> <span class='ocrx_word' id='word_1_282' title='bbox 1238 3969 1275 4032; x_wconf 88' lang='lat' dir='ltr'><strong>ad</strong></span> <span class='ocrx_word' id='word_1_283' title='bbox 1290 3967 1443 4051; x_wconf 89' lang='lat' dir='ltr'><strong>publicum</strong></span> 
     </span>
     <span class='ocr_line' id='line_1_36' title="bbox 346 4062 1443 4152; baseline 0.005 -27"><span class='ocrx_word' id='word_1_284' title='bbox 346 4062 448 4146; x_wconf 84' lang='lat' dir='ltr'><strong>populi</strong></span> <span class='ocrx_word' id='word_1_285' title='bbox 477 4078 655 4128; x_wconf 82' lang='lat' dir='ltr'><strong>conventum</strong></span> <span class='ocrx_word' id='word_1_286' title='bbox 678 4065 751 4131; x_wconf 87' lang='lat' dir='ltr'><strong>ibat.</strong></span> <span class='ocrx_word' id='word_1_287' title='bbox 798 4071 840 4130; x_wconf 90' lang='lat' dir='ltr'><strong>At</strong></span> <span class='ocrx_word' id='word_1_288' title='bbox 868 4069 951 4152; x_wconf 83' lang='lat' dir='ltr'><strong>regni</strong></span> <span class='ocrx_word' id='word_1_289' title='bbox 977 4069 1260 4134; x_wconf 85' lang='lat' dir='ltr'><strong>administrationem</strong></span> <span class='ocrx_word' id='word_1_290' title='bbox 1284 4070 1443 4152; x_wconf 87' lang='lat' dir='ltr'><strong>praelectus</strong></span> 
     </span>
    </p>
   </div>
   <div class='ocr_carea' id='block_1_4' title="bbox 0 0 1544 5134">
    <p class='ocr_par' dir='ltr' id='par_1_4' title="bbox 0 0 1544 5134">
     <span class='ocr_line' id='line_1_37' title="bbox 0 0 1544 5134; baseline 0 0"><span class='ocrx_word' id='word_1_291' title='bbox 0 0 1544 5134; x_wconf 95' lang='lat' dir='ltr'><strong> </strong></span> 
     </span>
    </p>
   </div>
  </div>
 </body>
</html>
