3042 5134
552 566 744 631 Ouaourcoa
783 564 809 629 l.
1169 565 1208 627 15

151 734 306 800 Defuncto
327 734 509 815 Alexandro,
524 737 626 822 plures
640 738 669 802 ei
688 742 913 815 successerunt;
935 744 970 801 ut
985 736 1165 801 Ptolomaeus
1180 738 1212 801 in

152 834 290 919 AEgypto
305 843 336 899 et
351 836 455 900 Africa
465 842 496 900 et
508 836 619 900 Arabia
627 864 637 914 ;
661 836 820 921 Philippus
836 835 972 900 Aridaeus
983 836 1014 899 iu
1027 835 1212 911 Macedonia,

152 938 224 1019 quia
245 938 339 1001 frater
362 938 542 1018 Alexandri,
566 939 707 1002 Seleucus
722 938 754 1003 iu
778 938 870 1023 Syria,
887 944 917 1002 et
939 939 970 1001 iu
991 937 1057 1001 aliis
1080 937 1213 1021 partibus

154 1038 298 1119 Orientis,
309 1047 340 1104 et
351 1040 400 1104 alii
409 1042 521 1125 egregii
531 1040 844 1125 viriiuuliispartibus
860 1041 897 1105 de
906 1041 1050 1125 praelectis
1059 1041 1129 1105 iacti
1141 1049 1213 1105 suut

151 1164 248 1226 reges,
265 1144 318 1227 qui
333 1150 442 1222 tamen,
454 1166 516 1207 non
537 1144 635 1208 multo
654 1151 731 1229 post,
742 1144 855 1208 mutuis
873 1143 957 1207 bellis
972 1166 1035 1207 sese
1049 1166 1211 1229 consump-

156 1252 271 1308 serunt.
317 1245 437 1309 Horum
473 1253 575 1310 tamen
611 1246 754 1311 Seleucus
795 1246 995 1323 Antiochiam,
1032 1246 1215 1325 Laodiciam,

157 1347 334 1425 Seleuciam,
362 1350 481 1433 Apiam,
502 1348 745 1427 Esseuberoeam,
769 1354 800 1412 et
824 1348 947 1427 Pellem,
974 1348 1062 1412 urbes
1084 1349 1214 1427 inclitas,

158 1449 304 1529 condidit,
319 1461 350 1514 et
372 1453 405 1515 in
427 1473 477 1514 eas
500 1450 588 1515 urbes
607 1451 732 1515 Judaeos
753 1450 917 1515 transtulit.
961 1450 1036 1534 Ejus
1055 1450 1137 1514 filius
1156 1452 1216 1515 fuit

158 1556 293 1639 Magnus
314 1555 490 1633 Antiochus,
506 1555 559 1637 qui
578 1554 755 1631 sacerdotes,
771 1554 891 1632 scribas,
907 1560 937 1616 et
952 1572 1086 1617 cantores
1100 1554 1217 1639 Templi

157 1658 302 1723 relaxavit
330 1681 348 1721 a
376 1656 497 1720 tributis
525 1663 557 1720 et
585 1679 604 1720 a
636 1656 741 1720 multis
772 1656 836 1721 aliis
865 1655 1013 1720 oneribus.
1074 1658 1216 1721 Seleucus

158 1770 191 1827 et
232 1760 430 1845 Lysimachus
471 1760 608 1823 atrociter
642 1760 722 1822 inter
763 1781 794 1822 sc
829 1767 1064 1843 pugnaveruut3
1103 1782 1217 1840 verum,

161 1866 222 1929 illis
244 1862 359 1939 occisis,
376 1862 518 1925 successit
536 1861 728 1940 Ptolomaeus,
747 1861 826 1945 Lagi
847 1860 938 1942 filius,
955 1862 1008 1945 qui
1027 1865 1096 1929 dolo
1118 1862 1219 1947 adegit

164 1966 331 2031 Jerusalem
360 1963 397 2027 ad
428 1963 621 2027 deditionem.
667 1964 704 2026 Ei
734 1965 876 2027 successit
904 1965 1086 2030 Ptolomaeus
1116 1968 1219 2031 Phila·

162 2069 300 2154 delphus,
337 2065 390 2150 qui
425 2064 520 2129 multa
559 2065 681 2129 donaria
725 2067 890 2130 transmisit
925 2067 1151 2156 Hierosolymis,
1188 2080 1220 2137 et

167 2174 209 2237 70
225 2171 402 2253 interpretes
416 2166 488 2229 fecit
516 2168 603 2232 Vetas
626 2168 835 2231 Testamentum
859 2170 1017 2234 transferre
1032 2172 1069 2235 de
1090 2172 1220 2239 Hebraeo

161 2275 197 2337 in
212 2272 349 2336 Graecam
362 2269 508 2353 linguam.
553 2257 657 2354 Hujus
671 2269 826 2333 Ptolomaei
841 2270 934 2333 filiam
950 2271 1037 2336 duxit
1051 2275 1220 2343 Antiochus

166 2375 310 2458 Magnus,
326 2380 356 2435 et
371 2394 440 2435 cum
455 2393 490 2435 ea
504 2372 619 2456 accepit
634 2371 794 2435 Samariam
806 2380 836 2435 et
847 2372 868 2435 J
869 2373 985 2437 udaeam
999 2382 1030 2437 et
1039 2375 1220 2447 Phoenicem.

166 2478 233 2541 Iste
259 2476 335 2539 duos
359 2474 439 2538 filios
463 2474 578 2557 genuit,
604 2474 759 2537 Seleucum
786 2480 816 2537 et
845 2474 1039 2541 Antiochum.
1084 2480 1222 2551 Quorum

165 2580 309 2643 Seleucus
320 2577 401 2640 misit
412 2575 611 2641 Heliodorum
621 2576 858 2661 Hierosolymam
870 2599 923 2661 pro
932 2579 1079 2645 thesauris
1087 2583 1222 2671 Templi3

163 2682 218 2747 sed
238 2680 407 2766 prohibitus
423 2684 470 2742 est
489 2677 642 2745 divinitus.
685 2678 777 2741 Unde
796 2679 828 2742 iu
851 2680 1013 2745 vindictam
1035 2700 1220 2757 recesserunt

165 2784 263 2849 abeo
292 2783 410 2867 partim,
434 2787 464 2844 et
487 2782 629 2844 Arsacem
658 2781 717 2845 sibi
745 2803 846 2865 regem
876 2786 1104 2852 constituerunt.
1149 2792 1224 2859 Post

171 2888 331 2952 Seleucum
360 2885 497 2969 regnavit
527 2884 697 2947 Antiochus
731 2885 913 2969 Epiphanes.
959 2888 1030 2953 Fuit
1063 2899 1163 2957 tamen
1198 2898 1225 2962 ei

169 2990 254 3054 filius
277 2987 460 3053 Demetrius.
505 2987 579 3049 Post
605 2986 803 3051 Ptolomaeum
829 2989 1009 3073 Euergetem
1034 2998 1170 3080 regnavit
1192 3000 1225 3064 iu

169 3094 306 3177 AEgypto
320 3090 503 3154 Ptolomaeus
520 3089 710 3173 Epiphanes·

217 3196 276 3258 His
288 3192 484 3277 temporibus,
501 3192 655 3257 Hannibal
671 3194 854 3278 expugnavit
869 3195 1005 3277 Romam,
1022 3222 1111 3284 quem
1126 3204 1226 3288 Scipio

124 3365 126 3368 ,
175 3296 289 3361 devicit
311 3302 341 3359 et
364 3294 576 3379 Carthaginem
599 3294 766 3359 subvertit:
798 3303 828 3359 et
861 3298 902 3361 ita
933 3298 1045 3365 bellum
1078 3304 1229 3371 Punicum

169 3400 293 3463 finitum
309 3404 364 3461 est.
409 3398 449 3460 Iu
463 3396 611 3460 Numidia
630 3398 783 3481 Jugurtha
806 3399 956 3465 Romanos
970 3407 1150 3487 provocavit,
1166 3416 1230 3474 eta

172 3500 299 3565 Metello
311 3507 342 3564 et
353 3499 478 3563 aMurio
493 3499 625 3563 domitus
640 3507 695 3563 ost.
741 3500 800 3564 Sed
816 3509 846 3565 et
855 3503 993 3568 Bocchus
1005 3506 1036 3569 iu
1049 3507 1230 3575 Mauritania

173 3602 316 3667 subactus
331 3609 391 3679 est,
402 3608 432 3666 et
453 3601 556 3665 multae
572 3602 636 3665 aliae
658 3610 763 3687 gentes
777 3603 914 3669 finitimae
934 3606 1087 3688 Romanis,
1104 3611 1229 3676 undeet

173 3706 210 3769 ad
226 3712 344 3770 exteras
359 3712 464 3789 gentes
479 3704 681 3789 subjugandus
697 3705 852 3769 miserunt.

215 3809 349 3872 Demum
360 3808 393 3871 in
405 3806 489 3892 Syria
502 3806 639 3890 regnavit
648 3806 828 3884 Antiochus
841 3807 967 3873 illustris
979 3810 1060 3874 lilius
1076 3814 1229 3894 Antiochi,

175 3914 258 3977 1370
274 3933 354 3974 anuo
368 3909 453 3993 regni
468 3910 652 3973 Graecorum.
696 3908 738 3971 Et
754 3908 847 3972 Onias
868 3910 1080 3997 Hierosolymis
1096 3938 1230 3981 summus

175 4014 319 4078 Pontifex
339 4019 412 4076 erat.
457 4011 552 4096 Cujus
573 4011 664 4074 irater
686 4012 790 4087 Jasou,
807 4012 941 4095 aspirans
961 4015 998 4077 ad
1021 4017 1230 4097 sacerdotium,

173 4116 207 4180 in
233 4116 354 4181 occulto
381 4115 486 4197 primo,
514 4122 544 4177 et
570 4121 672 4197 postea
695 4112 824 4197 publice,
853 4122 955 4179 contra
981 4117 1092 4201 Legem
1116 4118 1232 4201 agebat,

176 4218 257 4282 nude
287 4225 319 4281 et
346 4218 379 4281 iu
407 4216 491 4279 brevi
515 4216 641 4300 punitus
670 4222 726 4291 est,
754 4222 785 4278 et
814 4216 919 4300 pulsus
948 4219 979 4281 in
1010 4220 1233 4289 Mauritaniam.

177 4320 344 4385 Interfecto
372 4342 439 4383 vero
466 4320 545 4383 Onia
570 4318 824 4399 abAudrouico,
848 4319 917 4383 dolo
940 4322 1077 4400 Menelai,
1102 4324 1234 4390 obtinuit
