3042 5134
312 508 354 569 64
463 586 479 593 ,Ι
734 502 882 571 Renum
904 500 1006 570 Nram

307 674 390 740 titius
405 676 479 759 ejus,
495 674 636 757 Crrtidestt
655 674 753 739 dictus
772 697 790 738 a
812 674 934 753 malleis,
952 696 1052 739 curam
1067 672 1175 738 babuit
1188 666 1302 756 palatii.
1355 670 1424 733 Iste

309 779 493 856 Sarracenos,
509 779 562 862 qui
577 778 687 862 egressi
702 776 820 842 tueraht
836 778 872 842 de
888 778 988 843 Africa
1000 778 1033 841 in
1049 776 1226 861 Hispaniam
1241 780 1272 837 et
1287 773 1366 837 inde
1389 772 1424 834 in

309 880 519 957 Guasconiam,
550 879 668 944 duobus
692 880 801 964 praeliis
824 880 952 944 confecit
974 886 1004 944 et
1020 879 1146 963 fugavit,
1170 883 1200 941 et
1222 873 1423 941 COOOLXV

308 982 434 1066 milliad
466 982 676 1046 Saracenorum
721 982 881 1046 interfecit.
928 983 990 1047 Iste
1020 1004 1066 1046 res
1095 982 1235 1045 erasticas
1265 978 1423 1042 militibus

307 1085 439 1162 tradidit,
469 1089 639 1167 qdanquam
667 1106 722 1148 rex
750 1107 821 1147 non.
834 1090 920 1162 esset,
944 1084 998 1149 sed
1019 1084 1197 1169 prepositus
1219 1081 1306 1145 aulae.
1359 1078 1422 1143 Sed

307 1187 398 1252 etiarn
427 1193 531 1250 contra
556 1187 686 1251 Saxones
708 1193 739 1250 et
758 1193 862 1251 contra
880 1187 1049 1251 Baiocarios
1072 1192 1102 1250 et
1123 1190 1229 1249 contra
1250 1183 1421 1247 Endouem

308 1290 529 1373 Aquitanornm
554 1290 659 1354 ducem
683 1290 847 1369 dimicavit,
869 1296 900 1354 et
923 1289 1115 1354 Renitredum
1138 1288 1277 1351 comitem
1299 1284 1426 1370 expulit

307 1392 345 1457 de
358 1392 478 1478 palatio,
495 1414 632 1458 concessa
647 1393 674 1457 ei
689 1394 847 1477 Andegavi
866 1393 939 1457 sola.

351 1496 497 1580 Gregorio
506 1496 650 1559 successit
662 1496 826 1579 Gregorius
837 1496 953 1573 tertius,
970 1492 1027 1559 sub
1043 1517 1102 1579 quo
1111 1495 1277 1558 instaurata
1288 1499 1336 1556 est
1348 1491 1422 1555 reli·

305 1598 357 1681 gio
371 1598 482 1662 montis
496 1598 645 1675 Oassini*
658 1620 712 1682 per
731 1599 942 1676 Petronacem3
955 1604 986 1661 et
999 1598 1026 1661 ei
1042 1597 1204 1661 Zachariae.
1251 1596 1420 1659 Exercitus

309 1699 467 1763 Matthasii
486 1698 687 1764 Theodosium
698 1700 897 1764 orthodoxum
909 1700 1011 1765 citavit
1023 1700 1239 1784 imperatorem,
1253 1699 1307 1781 qui
1319 1698 1420 1761 Atha·

306 1802 425 1865 nasium
448 1801 527 1865 bello
551 1809 724 1887 superatum
750 1805 848 1887 coegit
862 1804 927 1867 fieri
950 1804 1165 1889 presbyterum.
1212 1802 1297 1865 Huic
1314 1800 1423 1865 Theo·

307 1902 391 1967 dosio
413 1911 484 1989 post
513 1924 610 1967 nuum
641 1927 752 1968 annum
775 1906 917 1969 successit
950 1906 1022 1983 Le0,
1047 1928 1125 1969 anno
1147 1904 1185 1969 ab
1207 1903 1424 1967 incarnatione

308 2005 434 2069 Domini
456 2005 674 2084 DCCXXVH,
698 2014 729 2071 et
749 2008 907 2091 imperavit
928 2008 1016 2071 annis
1042 2008 1187 2071 XXIIII.
1234 2006 1311 2090 Ejus
1340 2014 1424 2069 tern-

308 2129 381 2192 pore
400 2108 553 2172 Sarraeeni
565 2107 662 2172 tribus
672 2110 758 2173 annis
768 2109 949 2175 obsederunt
959 2108 1251 2194 Constantinopolim
1262 2134 1271 2187 3
1284 2106 1336 2171 sed
1347 2106 1426 2171 inde

304 2210 456 2296 adjutorio
485 2211 544 2274 Dei
581 2211 689 2295 fugati,
719 2212 753 2275 in
782 2212 857 2275 mari
896 2212 1059 2297 perierunt.
1104 2212 1170 2277 Iste
1208 2210 1358 2295 imagines
1393 2216 1426 2273 et

303 2312 452 2397 relliquias
464 2313 641 2378 Sanctorum
650 2316 847 2379 exterminare
862 2316 979 2394 voluit;
996 2314 1047 2379 sed
1063 2321 1187 2379 sanctus
1204 2314 1378 2377 Germanus
1395 2312 1425 2375 ei

305 2416 426 2481 restitit.
473 2416 536 2487 Qui
546 2423 658 2495 tamen,
673 2424 745 2502 post
759 2418 869 2482 multas
885 2418 1066 2496 vexationes
1082 2415 1172 2480 cessit
1187 2416 1376 2500 episcopatu,
1395 2420 1427 2476 et

307 2517 492 2582 substitutus
515 2524 562 2581 est
576 2518 602 2581 ei
618 2519 774 2583 hereticus
787 2520 974 2585 Anastasius.
1020 2520 1067 2583 Eo
1082 2524 1217 2602 tempore
1246 2514 1426 2601 Liprandus

307 2642 360 2683 rex
371 2619 478 2696 Italiae,
494 2619 649 2682 transtulit
660 2642 727 2685 ossa
740 2621 818 2685 beati
840 2620 1005 2705 Augustini
1021 2619 1058 2683 de
1072 2618 1211 2683 ,Sardinia
1219 2618 1361 2681 'licinum
1383 2617 1421 2679 in

345 2848 507 2920 ssCurrnas]
533 2852 551 2903 i.
575 2870 600 2904 e.
633 2852 763 2905 Cernens
788 2870 842 2905 rue
875 2852 1048 2915 Haunianae,
1069 2850 1156 2902 called
1176 2851 1212 2921 by
1233 2850 1279 2902 the
1307 2850 1423 2903 French

307 2935 422 3000 writers,
436 2937 562 2989 Catanes
575 2936 703 2990 Manent.

337 3028 355 3085 ‘t
372 3023 412 3074 Ot'
429 3022 483 3075 this
504 3024 633 3077 irnrnense
655 3024 792 3093 slaughter
815 3024 860 3077 the
881 3023 1027 3077 numerical
1048 3030 1214 3087 statements,
1237 3040 1268 3075 as
1286 3022 1309 3073 is
1326 3022 1423 3087 usual,

306 3125 373 3178 vary
395 3108 587 3179 exceedingly3
606 3109 658 3161 and
676 3111 721 3162 the
737 3110 859 3161 strictura
875 3128 947 3180 upon
965 3111 1017 3162 this
1034 3127 1176 3161 enormous
1193 3116 1307 3159 amount
1327 3108 1357 3158 of
1374 3108 1426 3159 the

303 3193 380 3254 alain,
397 3193 434 3263 by
452 3194 498 3246 the
518 3194 620 3247 Frencb
645 3195 774 3247 historiari
789 3195 924 3265 Mezerey,
950 3197 971 3247 is
993 3212 1057 3264 very
1072 3194 1218 3265 judicious,
1239 3194 1295 3245 and
1315 3212 1331 3244 a
1349 3209 1424 3261 very

301 3278 359 3347 just
377 3297 489 3332 censure
500 3297 573 3348 upon
586 3279 662 3331 those
674 3281 876 3344 clueat-writers,
895 3280 954 3332 who
966 3298 1048 3333 never
1062 3298 1115 3331 saw
1130 3298 1146 3330 a
1158 3279 1252 3341 battle,
1273 3278 1329 3330 and
1346 3276 1427 3340 who,

307 3363 545 3431 marvel-mongers
563 3382 591 3415 as
609 3365 673 3434 they
691 3382 744 3428 are,
763 3383 812 3416 can
832 3384 862 3416 so
886 3366 969 3434 easily
986 3374 1036 3434 put
1054 3365 1120 3416 such
1138 3364 1298 3433 prodigious
1318 3364 1426 3415 armies

305 3466 341 3500 on
351 3465 449 3518 paper:
469 3454 488 3479 “
498 3449 521 3499 lt
534 3466 567 3501 en
577 3450 618 3501 tut
630 3452 677 3503 tue
690 3468 727 3501 nn
738 3452 850 3503 nombre
860 3452 1027 3520 prodigieux,
1038 3468 1092 3502 non
1102 3469 1151 3519 pas
1162 3460 1293 3520 pourtant
1301 3452 1427 3512 375000,

304 3550 408 3585 comme
428 3534 462 3585 ils
485 3533 688 3597 disent—ceux
711 3537 758 3605 qui
783 3536 915 3589 touchant
939 3537 973 3589 de
990 3538 1012 3589 si
1032 3536 1216 3606 prodigieuses
1235 3538 1341 3588 armees
1361 3554 1423 3587 sua

307 3636 342 3671 te
355 3636 461 3683 remen,
478 3620 556 3671 n’ont
569 3620 667 3692 jamnis
685 3640 721 3673 vu
740 3626 785 3684 30,
805 3627 856 3674 000
868 3641 1001 3687 ;-——car,
1019 3624 1039 3675 il
1054 3624 1103 3692 n’y
1120 3624 1193 3675 avait
1211 3642 1246 3675 en
1266 3631 1340 3675 toute
1354 3620 1426 3673 leur

308 3705 398 3756 armes
411 3722 463 3773 qne
476 3708 510 3755 80
520 3710 573 3757 000
586 3724 620 3758 ou
639 3711 699 3770 100,
720 3711 772 3758 000
788 3708 917 3760 hommes.
936 3708 1089 3760 Abderome
1105 3710 1203 3772 meme,
1221 3709 1283 3760 leur
1297 3708 1428 3777 general,

251 3828 256 3835 .
306 3808 324 3859 y
339 3790 416 3859 perit.
431 3790 578 3853 Msznnar,
591 3792 646 3843 vol.
660 3792 685 3855 1,
698 3810 725 3861 p.
738 3796 801 3844 318.

342 3894 359 3925 ⁶
376 3892 488 3946 Monrrs
500 3893 623 3962 Cassrsr]
637 3894 735 3945 Where
746 3912 803 3945 was
826 3912 841 3946 a
857 3894 1007 3947 celebrated
1026 3896 1123 3965 abbey,
1142 3895 1171 3947 in
1190 3895 1377 3964 thekingdom
1396 3894 1429 3949 of

306 3978 416 4048 Naples,
428 3978 497 4031 buitt
509 3978 562 4029 and
574 3978 712 4030 inhabited
728 3978 764 4048 by
782 3980 855 4030 Snint
874 3980 1010 4044 Benedict,
1030 3981 1166 4050 patriarch
1184 3983 1216 4033 of
1230 3982 1277 4033 the
1294 3981 1424 4035 Westem

306 4062 411 4115 monks.
447 4063 505 4115 The
517 4071 587 4114 town
598 4064 629 4114 os
637 4062 929 4125 cassina-Cassmuu
945 4084 978 4116 nr
991 4064 1073 4116 Mons
1085 4066 1322 4129 cassinus—was
1334 4066 1361 4115 in
1373 4066 1425 4117 the
1488 4123 1491 4129 ,

306 4148 428 4217 territory
437 4148 466 4200 ot
479 4147 593 4211 Labonr,
604 4156 632 4201 at
643 4148 688 4200 the
698 4148 754 4201 soot
763 4148 794 4201 of
798 4149 843 4201 the
854 4152 991 4204 mountain
1001 4152 1089 4204 where
1107 4153 1153 4205 the
1162 4161 1320 4222 monastery
1330 4152 1423 4203 stood.
