3042 5134
303 435 362 498 loo
716 435 862 500 Ranomo
879 435 983 498 Nrorn

298 611 334 666 ut
347 604 532 688 evangelium
548 604 600 668 illa
614 604 662 667 die
676 604 801 668 solemni
816 605 937 688 legeret,
953 629 988 668 eo
1004 605 1085 688 qnod
1101 607 1180 669 vocis
1197 608 1262 691 ejus
1278 608 1406 674 melodia
1505 681 1506 694 1

297 703 503 771 delectaretur.
547 707 615 775 Qua
641 728 760 789 prorsus
776 729 830 790 pro
853 708 959 770 timore
974 707 1031 770 Dei
1054 707 1213 784 abnuente,
1235 709 1404 794 Imperator
1505 705 1506 712 ¹

298 817 334 874 nt
364 807 462 871 clerici
491 807 687 870 constantiam
724 806 872 890 probaret,
910 807 1048 891 praecepit
1070 829 1137 870 eum
1161 817 1310 872 extorrem
1342 833 1405 874 esse
1505 811 1507 826 ¹

297 912 390 976 totius
416 917 502 973 terrac
531 917 602 973 snae.
648 909 709 979 Qui
739 932 834 992 quum
858 931 927 972 mox
949 909 1127 982 abscederet,
1151 912 1300 975 revocavit
1332 935 1403 976 curn
1506 951 1507 978 r

298 1015 407 1089 dIcens‚
433 1018 454 1050 “
466 1011 561 1076 Probe
576 1013 647 1076 satis
661 1011 769 1088 fecisti,
786 1014 836 1094 qui
851 1011 1066 1096 pluripenderis
1082 1013 1136 1075 Dei
1158 1014 1298 1076 ilmorem
1315 1037 1402 1096 quam

298 1118 480 1201 patriam,'ac
493 1122 659 1199 respectum
677 1114 803 1176 coeloot-is
819 1115 868 1178 irre
884 1136 972 1196 quarn
988 1115 1081 1176 minas
1105 1137 1192 1177 meas.
1240 1116 1400 1201 Quaprop-

295 1227 341 1282 ter
362 1218 469 1282 habeto
490 1218 702 1301 episcopatum,
726 1216 777 1298 qui
801 1216 911 1298 primus
934 1217 965 1278 in
988 1216 1111 1299 imperio
1138 1239 1204 1278 meo
1229 1219 1397 1296 vacaverit3

297 1332 397 1386 tamen
411 1321 560 1384 indecenti
574 1319 666 1382 amori
691 1315 877 1381 renuncies?

339 1423 424 1487 Obiit
443 1421 591 1486 Henricus
605 1421 765 1504 imperator
781 1427 883 1482 octavo
898 1419 1013 1502 imperii
1029 1418 1074 1482 sui
1092 1442 1170 1482 anno
1186 1421 1264 1503 apud
1284 1422 1400 1505 Spiram

296 1525 443 1590 conditus.

338 1630 429 1690 Anno
443 1625 481 1691 ab
493 1628 693 1690 incarnatione
702 1626 825 1688 Domini
839 1625 968 1688 MXLII
984 1624 1147 1688 Edwardus
1161 1625 1245 1688 filius
1261 1626 1398 1690 Ethelrc-
1508 1615 1509 1642 ³

294 1728 334 1805 di,
344 1729 435 1792 frater
444 1728 596 1791 lldmnndi
606 1727 738 1790 irenside
753 1750 790 1790 ex
800 1735 890 1810 patre,
904 1726 995 1788 irater
1004 1733 1034 1788 et
1047 1725 1232 1789 Hardeonnti
1244 1749 1281 1788 ex
1292 1727 1400 1790 Emma

295 1836 395 1901 matre,
419 1830 549 1913 suscepit
564 1851 688 1913 regnum
705 1829 881 1911 Anglorum‚
899 1829 1008 1892 auxilio
1025 1827 1163 1890 Godwini
1177 1827 1296 1891 comitis
1313 1829 1400 1913 cujus

293 1931 386 1996 liliam
412 1930 507 2010 duxit,
532 1932 583 1995 sed
606 1955 671 1996 eam
693 1931 814 1994 minime
837 1931 989 2012 cognovit,
1013 1930 1091 1992 unde
1104 1929 1190 1993 ambo
1205 1930 1239 1992 in
1254 1931 1398 1995 coelibatu
1509 1937 1510 1956 ³

293 2042 527 2119 permanserunt.
573 2035 633 2099 Hic
648 2055 699 2098 rex
718 2035 1014 2098 westmonasterium
1026 2033 1097 2097 lecit
1111 2042 1142 2097 et
1157 2033 1271 2111 ditavit,
1286 2036 1395 2099 multa-

294 2159 351 2220 que
367 2137 507 2201 miracula
521 2139 591 2220 egit.
636 2137 799 2201 Godwinus
816 2159 913 2200 comes
928 2137 1009 2200 filius
1019 2135 1140 2200 bubulci
1155 2137 1214 2200 fuit
1226 2163 1233 2201 ε
1245 2138 1275 2200 in
1292 2160 1395 2202 mensa
1510 2207 1511 2230 χ

292 2239 369 2323 regis
383 2239 521 2302 Edwardi
543 2239 604 2302 olla
625 2239 789 2302 suffocatus
811 2247 864 2315 est,
884 2247 914 2302 et
931 2238 967 2301 ab
988 2238 1119 2302 Haraldo
1142 2238 1206 2302 lilio
1221 2238 1278 2302 sub
1296 2262 1397 2303 mensa
1510 2233 1511 2238 ¹

290 2347 449 2404 extractus.
509 2341 571 2404 Hic
600 2341 765 2404 Goduinus
796 2363 903 2423 aroge
919 2341 1060 2403 Cnutone
1076 2341 1216 2413 nutritus,
1247 2362 1392 2422 processu

290 2446 430 2529 temporis
451 2446 482 2509 in
504 2445 627 2508 Daciam
649 2467 715 2508 cum
738 2443 827 2507 breve
849 2445 926 2527 regis
949 2444 1147 2520 transmissus,
1173 2443 1277 2507 callide
1305 2444 1392 2507 duxit

290 2569 420 2610 sororem
434 2547 589 2612 Onutonis.
636 2547 718 2611 Sedit
730 2548 890 2631 Gregorius
906 2546 986 2610 Vlus
1004 2547 1054 2630 qui
1070 2547 1222 2610 Romanos
1240 2548 1395 2630 praedones
1511 2574 1512 2578 ¹

292 2646 485 2726 interiecerat,
511 2651 596 2733 cujus
618 2649 732 2734 corpori
754 2648 881 2711 exanimi
904 2671 1006 2710 omnes
1025 2649 1125 2732 januae
1147 2648 1275 2711 ecclcsiae
1298 2650 1394 2713 sancti

292 2748 373 2813 Petri
391 2749 533 2814 divinitus
548 2759 683 2814 reseratae
698 2757 780 2814 sunt.

401 2849 602 2915 VIMOOLV.
627 2851 795 2916 Hnnnrous
818 2873 974 2916 nnounvrr
1001 2871 1098 2914 aunis
1122 2849 1276 2913 XXXIX.

341 2954 430 3015 Anno
441 2953 522 3016 verbi
533 2954 678 3017 incarnati
688 2954 848 3017 MLXVIo
871 2977 922 3017 rex
937 2951 1101 3016 Edwardus
1116 2951 1189 3014 obiit
1201 2952 1279 3035 apud
1290 2951 1392 3016 West·

289 3054 512 3126 monasterium,
529 3055 632 3139 vigilia
647 3056 832 3139 Epiphaniae,
849 3056 959 3118 exactis
971 3056 1002 3117 in
1016 3076 1109 3137 regno
1124 3053 1241 3116 XXIII
1252 3054 1348 3130 annis,
1365 3063 1396 3116 et

292 3156 442 3220 mensibus
464 3157 521 3235 Vl,
545 3157 650 3222 diebus
673 3157 811 3221 XXVII.
858 3156 1007 3221 Haraldus
1029 3179 1127 3220 comes
1149 3156 1229 3219 iilius
1253 3156 1395 3219 Godwini

288 3259 388 3322 statim
399 3261 461 3343 Ipsa
475 3259 522 3323 die
536 3261 635 3343 rapuit
649 3260 792 3332 diadema,
808 3267 838 3322 et
853 3267 925 3323 tunc
941 3265 1069 3322 cometes
1080 3259 1227 3342 apparuit.
1275 3257 1392 3320 Eodem

289 3383 367 3426 anno
394 3366 528 3447 Arvagre
550 3387 601 3427 rex
624 3363 803 3428 Noricorum
834 3371 864 3426 et
889 3363 1010 3426 Tostius
1041 3363 1130 3425 frater
1157 3360 1282 3424 Haraldi
1310 3361 1392 3443 regis

287 3461 503 3527 Eboracensem
527 3466 706 3547 provinciam
729 3472 887 3535 vastantes,
903 3463 940 3526 ab
959 3461 1090 3526 Haroldo
1115 3461 1202 3524 occisi
1218 3468 1291 3524 sunt
1303 3463 1392 3545 juxta

285 3571 406 3648 pontem
423 3564 500 3627 belli.
513 3566 537 3606 i
580 3566 640 3628 Hic
658 3565 809 3630 Haraldus
830 3573 897 3649 post
918 3586 1019 3628 novem
1046 3564 1190 3627 militibus
1212 3563 1387 3642 destitutus,

284 3665 354 3747 quia
368 3665 442 3728 nihil
458 3665 580 3749 largitus
595 3674 640 3729 est
651 3667 692 3729 eis
702 3668 738 3729 de
748 3667 846 3752 praeda
857 3667 1045 3742 Noricorum,
1058 3677 1088 3729 et
1099 3674 1220 3748 propter
1231 3665 1385 3730 laesionem

282 3765 454 3848 juramenti,
470 3789 488 3829 a
503 3766 654 3830 Willelmo
672 3768 817 3832 Bastardo
832 3769 907 3831 duce
917 3768 1161 3831 Normanoorum
1173 3767 1253 3850 apud
1266 3767 1390 3831 Hastin-

319 3967 334 3996 ⁸
353 3964 483 4034 opposite
497 3963 550 4015 this
563 3965 632 4016 word
646 3965 673 4015 in
686 3963 731 4015 the
744 3963 803 4014 MS.
820 3981 894 4016 some
913 3963 1023 4014 modern
1043 3962 1148 4014 scholar
1165 3961 1214 4014 has
1233 3963 1338 4016 written
1358 3964 1384 4015 in

283 4049 379 4120 pcncil,
393 4055 410 4079 ⁴‘
422 4049 549 4118 Explicit:
571 4049 668 4117 Incipit
680 4049 779 4102 chron.
801 4048 934 4118 Radulphi
949 4048 981 4100 de
996 4047 1190 4116 Coggeshule.''
