3042 5134
339 535 396 594 132
766 531 911 594 Ranurru
956 528 1056 594 Nrear

376 699 514 784 Egyptus
527 698 616 764 latrat
629 722 724 764 errore
739 700 875 764 Dioscori
891 701 942 783 qui
960 722 1029 764 curn
1038 699 1147 764 Eutice
1163 699 1238 763 dixit
1253 699 1354 763 Deum
1363 704 1428 783 post

332 801 533 866 ascensionem
556 825 645 865 unam
662 809 779 872 tantum
794 801 902 865 habere
916 811 1060 866 naturam.
1116 802 1243 866 Sanetus
1257 801 1424 886 Perpetuus

333 901 371 965 lit
398 902 526 967 Turonis
556 905 712 990 episcopus
740 906 895 988 septimus.
951 904 1048 968 Filius
1077 905 1263 990 imperatoris
1285 928 1303 969 a
1324 905 1429 968 Niceio

335 1003 533 1089 Lugdunensi
561 1008 769 1071 archidiacono
796 1031 813 1072 a
843 1009 948 1092 spiritu
976 1009 1131 1072 immundo
1154 1015 1283 1086 sanatur,
1308 1015 1339 1071 et
1363 1007 1428 1071 ideo

334 1114 418 1190 pater
431 1107 544 1174 dimisit
562 1110 709 1174 tributum
731 1111 784 1188 ibi,
800 1118 889 1196 atque
912 1111 1033 1175 calicem
1055 1134 1122 1175 cum
1137 1119 1244 1196 patena
1266 1117 1297 1174 et
1313 1132 1428 1194 capsam

333 1210 478 1294 evangelii
501 1211 608 1275 Niceio
633 1213 722 1276 misit.
785 1211 844 1278 Sed
871 1213 996 1277 nuntius
1020 1235 1053 1276 ea
1079 1211 1116 1276 de
1141 1220 1264 1296 argento
1288 1212 1428 1276 deaurata

331 1309 470 1376 reddidit.
516 1313 586 1384 Quo
601 1337 618 1377 a
633 1321 709 1378 terra
724 1313 863 1398 absorpto
880 1336 965 1378 verus
980 1313 1055 1378 calix
1069 1313 1212 1377 redditur.
1242 1311 1428 1377 Glodovecus

333 1434 384 1475 rex
411 1414 474 1478 iens
496 1414 529 1479 in
557 1415 774 1500 expeditionem
804 1425 906 1481 eontra
935 1416 1090 1480 Alaricum
1121 1438 1220 1499 regem
1250 1415 1429 1492 Gothorum,

333 1516 454 1579 veniens
476 1517 661 1596 Thnronum,
685 1519 889 1602 animatusque
904 1540 957 1604 per
975 1541 1092 1582 versum
1107 1516 1215 1600 psalmi
1234 1538 1294 1600 quo
1321 1513 1429 1580 dicitur
1509 1544 1510 1598 p

332 1617 513 1683 Percinciati
539 1642 583 1683 me
606 1621 715 1684 virtute
737 1624 779 1684 ad
803 1623 917 1698 bellum,
948 1626 978 1684 et
1000 1642 1053 1705 per
1082 1641 1195 1683 cervam
1230 1618 1263 1682 in
1292 1617 1428 1682 Vicenna

335 1725 507 1802 pereuntem
530 1721 681 1785 Alaricum
699 1723 819 1788 occidit.
864 1724 925 1788 Hic
948 1724 1060 1807 primus
1083 1745 1134 1786 rex
1155 1721 1338 1785 Francorum
1353 1719 1426 1806 bap·
1509 1725 1510 1800 l

334 1822 442 1886 tiaatus
457 1830 503 1887 est
525 1847 543 1888 a
562 1827 672 1890 sanctis
696 1828 830 1912 Remigio
851 1835 881 1891 et
904 1827 1046 1904 Vadasto,
1068 1848 1137 1890 num
1152 1824 1301 1889 Clothilde
1322 1825 1425 1909 regina
1509 1831 1510 1898 ἰ

335 1945 388 1987 sua
396 1950 406 2002 3
422 1924 527 1989 horum
550 1949 670 2012 corpora
686 1929 817 1993 Parisius
829 1929 1020 2014 requiescunt
1038 1926 1116 2013 apud
1132 1932 1264 1989 sanctam
1287 1926 1429 1989 Genove·

330 2025 401 2089 fam.
444 2027 543 2092 Clarat
557 2029 685 2115 Prosper
699 2032 832 2095 notarius
840 2031 950 2096 Leonis
965 2030 1065 2115 Papae,
1081 2035 1112 2092 et
1127 2035 1266 2112 exceptor
1280 2024 1425 2090 sententi-

332 2150 416 2192 arum
432 2130 533 2194 Sancti
549 2135 725 2216 Augustini.

377 2229 671 2300 VMDCLXXIHI.
715 2236 784 2300 Lao
804 2255 979 2299 rurnnavrr
999 2254 1095 2298 annis
1118 2232 1188 2296 XV.
1226 2233 1336 2294 Arrun
1364 2229 1431 2294 Lao

448 2354 623 2401 ruranavm
637 2357 733 2400 sauls
749 2338 796 2402 Il.
820 2338 885 2401 Hrc
901 2356 1074 2401 muranrnn
1088 2335 1322 2398 lurnesianus,

376 2436 593 2521 Acephalorum
617 2440 736 2506 haeresis
755 2450 820 2505 orta
842 2446 896 2504 est.
927 2439 1025 2504 Claret
1046 2437 1192 2502 Merlinus
1213 2437 1247 2498 in
1265 2434 1431 2509 Britannia,

329 2543 412 2600 vates
434 2561 496 2602 non
515 2541 668 2626 propheta.
728 2545 855 2606 Sanctus
879 2541 1042 2606 Mamertus
1065 2538 1242 2602 Viennensis
1266 2534 1427 2620 Archepis·

330 2661 422 2723 copus
437 2643 607 2725 rogationes
629 2645 721 2709 trinas
735 2645 842 2709 statuit
861 2666 939 2708 anno
952 2643 1077 2706 Zenonis
1094 2638 1180 2704 VIIo
1196 2647 1226 2702 et
1242 2635 1428 2701 confirmata

330 2747 401 2804 sunt
429 2742 463 2804 in
493 2745 617 2809 concilio
658 2746 872 2811 Aurelianensi.
931 2744 1112 2809 Clodoveum
1144 2741 1292 2824 Siagrium
1332 2737 1429 2802 lilium

330 2842 432 2928 Egidii
453 2845 552 2910 sedem
576 2846 733 2911 habentem
755 2849 894 2912 Sussonis
916 2847 996 2923 vicit,
1023 2859 1053 2910 et
1079 2844 1116 2908 ab
1143 2843 1261 2909 Alarico
1282 2839 1320 2904 ad
1344 2861 1431 2924 quem

331 2947 446 3012 Tolosae
460 2949 587 3035 fugerat,
604 2950 750 3014 redditum
763 2950 881 3013 oceidit.
926 2947 1091 3012 Olodoveus
1102 2945 1200 3009 iilium
1211 2941 1434 3006 'l'heodoricum

329 3050 435 3115 habuit
457 3074 494 3117 ex
515 3051 682 3117 concubina
703 3052 755 3136 qui
774 3051 945 3134 Thuringos
975 3047 1154 3133 subjugavit.
1200 3045 1316 3128 Corpus
1348 3041 1428 3106 beati

330 3153 475 3220 Barnabae
489 3154 628 3239 Apostoli
642 3154 707 3238 ipso
721 3154 869 3218 revelante
892 3161 936 3216 est
951 3161 1099 3236 repertum
1116 3157 1145 3211 et
1160 3147 1316 3211 Bizantem
1333 3154 1427 3207 trans·

328 3259 432 3323 latum.
487 3258 606 3322 Clarent
630 3264 712 3342 pater
731 3257 941 3319 monachorum
957 3259 1077 3316 sanctus
1093 3248 1275 3312 Benedictus
1290 3243 1382 3310 abbas
1398 3251 1427 3307 et

328 3362 543 3426 Constantinus
573 3358 715 3423 medicus.
761 3358 829 3421 Orti
861 3364 932 3420 sunt
963 3353 1085 3437 Metagii
1111 3351 1242 3417 dicentes
1267 3347 1366 3412 lilium
1393 3347 1424 3410 in

327 3475 410 3550 patre
425 3465 509 3548 quasi
525 3485 574 3526 vas
589 3463 621 3525 in
636 3484 712 3526 vase.

373 3570 614 3636 VMDOXCIH.
659 3569 742 3632 Zmro
766 3585 937 3631 ruruauvrr
959 3583 1058 3628 rums
1079 3561 1140 3626 XX
1165 3579 1232 3624 oum
1259 3556 1431 3620 Basrmsco

830 3689 928 3733 nrum.

374 3780 502 3846 Sanctus
528 3777 707 3861 Fulgentius
734 3773 882 3858 Rupensis
907 3772 1062 3856 episcopus
1088 3767 1186 3832 claret.
1232 3761 1316 3827 Sedit
1342 3759 1431 3826 Gela-

329 3885 391 3948 sius
419 3883 493 3948 Afer
519 3882 571 3965 qui
595 3878 782 3964 praelationes
810 3879 829 3940 9
856 3874 980 3938 dietavit
991 3900 1000 3951 ;
1027 3871 1075 3935 hic
1105 3892 1166 3933 una
1191 3874 1236 3930 est
1265 3864 1368 3928 addita
1394 3861 1431 3925 de

329 3988 415 4052 beata
444 3986 540 4051 Maria
580 3984 613 4046 in
650 3980 778 4044 concilio
819 3977 935 4041 Urbani
973 3973 1075 4038 habito
1112 3967 1281 4035 Placentia.
1343 3964 1428 4028 Sedit

324 4087 502 4153 Anastasius
517 4085 565 4163 Π,
581 4083 633 4169 qui
648 4103 806 4168 percussus
821 4085 899 4142 esta
923 4077 1064 4152 Domino,
1087 4072 1157 4157 quia
1176 4067 1275 4133 noluit
1302 4065 1430 4130 Achacii

328 4213 464 4258 revocare
474 4188 654 4253 meruerim.
700 4184 784 4251 Sedit
794 4181 949 4248 Simachus
961 4178 1013 4266 qui
1026 4176 1133 4242 statuit
1150 4172 1253 4238 Gloria
1264 4172 1298 4235 in
1314 4168 1437 4234 canelus
