3042 5134
323 559 367 624 td
711 565 856 634 Rursum
878 568 983 634 Nranr

323 732 521 818 Celadonius3
565 739 726 806 Celadonio
755 744 952 828 Agrippinas.
983 735 1134 808 Antonius
1163 744 1231 829 pius
1259 741 1319 808 luit
1348 749 1381 809 et

322 834 432 918 bonus,
463 863 565 906 carens
600 845 734 930 appetitu
764 845 865 930 gloriae
894 853 925 910 et
953 846 1171 911 ostentationis.
1215 847 1377 931 Comperta

324 940 405 1004 eninr
424 943 541 1028 justitia
565 948 641 1010 tanti
663 948 728 1025 viri,
750 949 894 1012 miserunt
913 949 950 1012 ad
974 971 1041 1012 eum
1063 948 1145 1027 Indi,
1161 948 1323 1027 Bactriani,
1346 957 1378 1012 et

322 1041 466 1127 Hyrcani.
512 1048 650 1114 Decessit
664 1051 781 1136 imperii
795 1052 841 1115 sni
856 1073 935 1115 anno
957 1055 1009 1114 23.
1055 1050 1106 1115 Ob
1128 1051 1213 1136 cujus
1232 1051 1378 1115 honorem

318 1143 442 1212 decreta
457 1159 528 1214 sunt
543 1152 673 1236 insignia
687 1155 783 1218 multa
796 1155 899 1218 Romae
913 1160 1056 1219 asenatu.

364 1249 402 1313 ui
418 1273 486 1316 vero
501 1257 642 1320 successit
657 1256 778 1320 Marcus
793 1258 933 1320 Aurelius
948 1257 1132 1334 Antoninus,
1147 1278 1227 1319 anno
1241 1256 1375 1321 incarna-

320 1351 411 1416 tionis
441 1355 563 1421 Domini
594 1361 667 1437 153,
683 1365 714 1422 et
741 1359 897 1444 imperavit
920 1361 960 1421 19
983 1359 1069 1422 annis
1090 1358 1294 1422 ulmensibus
1319 1363 1370 1424 ll.

318 1453 380 1519 Hic
395 1456 453 1522 fuit
468 1465 566 1525 tantae
577 1462 750 1541 severitatis,
765 1469 801 1525 nl·
816 1461 854 1525 ab
868 1461 994 1524 infautia
1007 1461 1125 1523 vult-um
1141 1482 1198 1523 nec
1210 1483 1247 1523 ex
1266 1461 1370 1526 laetitia

315 1576 372 1620 nee
387 1580 424 1626 ex
439 1559 539 1626 dolore
559 1563 725 1629 mutaverit.
771 1564 889 1628 Aeaivit
909 1586 979 1626 vero
1001 1561 1058 1626 sibi
1077 1562 1191 1625 sosium
1211 1563 1371 1627 Aurelium

315 1658 522 1740 Commodum,
533 1687 600 1728 cum
616 1687 675 1750 quo
689 1666 721 1729 in
735 1666 857 1730 Parthia
870 1665 1076 1750 triumphavit.
1123 1663 1245 1728 Horum
1261 1665 1367 1730 diebus

312 1769 422 1844 quarta
450 1769 640 1851 persequutio
669 1768 906 1832 Christianorum
935 1768 1043 1852 erupit.
1088 1767 1198 1830 Passus
1220 1776 1266 1831 est
1287 1769 1367 1833 enim

312 1863 494 1951 polycarpus
507 1867 714 1954 Smyrniensis,
725 1869 867 1935 Jecinus
879 1871 1083 1956 philosophus,
1094 1869 1227 1935 Othiuus
1240 1871 1367 1955 Lugdu-

308 1968 426 2047 nensis,
457 1968 568 2034 Justus
596 1971 786 2036 Viennensis.
830 1974 876 2038 Ea
903 1980 1080 2057 tempestate
1113 1972 1301 2057 Lugdunum
1335 1982 1367 2039 et

315 2069 464 2134 Viennam
478 2079 509 2136 et
515 2073 579 2138 ulia
593 2073 690 2139 vicina
703 2075 769 2138 loca
781 2075 905 2139 intravit
920 2076 1093 2152 Rhodanus,
1114 2081 1144 2139 et
1158 2075 1224 2139 lues
1238 2077 1367 2141 maxima

310 2180 440 2258 sequuta
454 2181 509 2254 est,
520 2197 587 2262 quae
600 2177 712 2241 incolas
727 2177 859 2260 abigeret
873 2184 926 2242 aut
939 2177 1113 2258 occideret„
1141 2178 1170 2241 A
1183 2176 1270 2242 hellis
1286 2179 1367 2244 nulla

308 2285 391 2342 terra
405 2279 539 2358 cessavit,
555 2286 586 2344 et
600 2285 686 2348 terrae
701 2286 802 2344 motus
816 2279 927 2343 multos
941 2279 1051 2358 obruit,
1066 2285 1097 2344 et
1110 2279 1321 2345 inundationes
1335 2288 1368 2346 et

308 2381 490 2464 pestilentis
512 2382 615 2446 multae
633 2389 742 2446 exortae
771 2387 853 2446 sunt.
896 2382 1027 2446 Demnm
1049 2381 1189 2446 Aurelius
1211 2382 1366 2467 apoplexia

309 2483 478 2548 suffocatus
487 2490 542 2548 est.
587 2484 710 2550 Marcus
719 2490 818 2549 autem
830 2489 899 2569 post
908 2505 977 2548 eum
988 2484 1090 2569 paucis
1102 2483 1207 2548 diebus
1218 2485 1363 2569 regnavit,

310 2591 340 2650 ct
355 2588 513 2651 severiores
527 2586 607 2672 legas
623 2587 706 2650 novis
721 2587 923 2652 additionibus
939 2588 1121 2671 temperavit.
1166 2587 1211 2650 Ea
1232 2595 1363 2672 tempes-

310 2693 372 2751 tate
387 2687 503 2752 harbari
518 2687 699 2752 obsederunt
718 2688 880 2752 exercitum
900 2688 1124 2766 Romanorum
1145 2687 1179 2751 iu
1202 2711 1262 2772 quo
1284 2688 1365 2774 legio

308 2789 554 2868 Christianorum,
563 2790 638 2854 lusis
649 2790 786 2874 precibus
798 2789 836 2854 ad
846 2788 1009 2866 Christum,
1019 2789 1056 2854 ab
1065 2789 1169 2854 ardore
1179 2790 1255 2868 sitis,
1266 2790 1364 2876 impe·

308 2901 389 2956 trata
416 2891 527 2977 pluvia,
557 2891 710 2972 liberavit;
741 2899 774 2956 et
801 2891 958 2956 adversarii
985 2891 1162 2956 fulminibus
1190 2891 1224 2955 iu
1260 2892 1366 2978 lugam

310 2994 444 3058 conversi
459 2999 540 3059 sunt.
909 3017 914 3022 “

352 3097 399 3162 Ea
427 3119 546 3183 quoque
574 3103 750 3184 tempestate
785 3097 885 3182 turpia
921 3102 952 3161 et
986 3096 1149 3161 inhumana
1185 3095 1363 3162 Christianis

308 3200 537 3285 imponebantur
550 3200 675 3285 flagitia,
690 3207 727 3264 ut
741 3200 875 3263 omnium
895 3198 964 3263 odia
985 3205 1224 3284 provocarentur,
1240 3206 1271 3262 et
1287 3199 1363 3264 inei-

308 3309 442 3368 tareutur
456 3303 592 3368 Gentiles
614 3303 652 3368 ad
674 3303 936 3389 persequutionem
956 3300 1202 3379 Cliristiancrum,
1217 3308 1363 3385 tanquam
1407 3316 1413 3324 '

302 3428 343 3469 ua
358 3405 536 3490 obsequium
549 3405 617 3470 Deo
632 3412 782 3490 putarent.

352 3507 436 3572 Sedit
449 3509 542 3592 igitur
556 3515 626 3594 post
640 3509 763 3572 Petrum
777 3507 885 3583 Linus,
901 3505 1013 3584 Cletus,
1023 3504 1169 3583 Clemens,
1185 3503 1361 3582 Anaclctus,

306 3611 472 3688 Euaristus,
490 3611 601 3689 Sixtus,
612 3610 819 3696 Telesphorus,
832 3611 985 3695 Hyginus,
1001 3608 1078 3685 Pius,
1089 3608 1245 3686 Anicetus,
1261 3609 1361 3688 Soter,

306 3713 506 3791 Eleutlverius,
521 3713 598 3777 XII.

349 3815 564 3900 Hierosolymis
579 3837 615 3879 ex
630 3813 779 3879 Gentibus
800 3820 870 3899 post
889 3813 1026 3877 Marcum
1048 3812 1206 3890 Auianius,
1222 3810 1363 3890 Publius,

303 3919 465 3996 Maximus,
480 3917 626 3994 Juvanus,
638 3917 740 3996 Gaius,
751 3916 904 3994 Julianus,
913 3914 1029 4000 Capito,
1040 3913 1162 3992 Valens,
1173 3915 1361 3994 Docilianns,

302 4022 473 4099 Narcissus,
485 4020 556 4084 XII
575 4019 612 4083 ab
627 4019 792 4104 Apostolis.

346 4123 533 4189 Alexandriae
555 4129 623 4208 post
650 4122 791 4186 Marcum
815 4119 1038 4203 Evangelistam
1067 4118 1211 4196 Auienus,
1228 4117 1360 4198 Abilius,

301 4226 407 4303 Cerdo,
430 4225 548 4303 duetus,
572 4223 743 4302 Cheladion,
770 4221 968 4308 Agrippinas,
990 4220 1141 4286 Julianus.
1187 4220 1361 4285 Antiochia

298 4339 367 4420 post
383 4330 525 4393 Hermem
543 4325 708 4392 Cornelius.
