3042 5134
327 408 387 483 ltu
751 405 895 480 Rnuornu
943 407 1042 483 nisu
1090 477 1093 484 .

325 593 490 680 quingenti,
507 599 541 655 nt
556 585 642 655 nobis
653 591 776 656 relatum
792 599 846 655 est.
891 591 1029 675 Denique
1043 591 1101 654 Dei
1117 597 1225 656 vrrtute
1244 591 1383 676 protecti,
1399 595 1429 655 et

325 695 483 782 praesentia
496 701 606 758 senotae
621 694 716 758 crucis
730 694 888 778 magnifice
903 692 1044 771 roborati,
1066 716 1103 758 er
1125 699 1209 760 tanta
1232 692 1429 776 multitudine

324 807 391 864 tam
405 798 476 861 iorti
491 803 604 860 tuntum
620 804 747 882 stragem
765 797 920 874 dederunt,
946 805 979 860 ut
1001 797 1051 862 'vix
1073 797 1311 882 relinquerentur
1332 781 1367 860 in
1388 796 1429 860 eis

325 901 386 964 duo
418 900 536 984 pariter.
582 899 708 962 Plurimi
738 921 774 961 ex
804 900 846 961 eis
868 902 956 984 cepti,
980 899 1073 982 aliqui
1101 900 1259 977 vulnerati,
1289 896 1430 962 nonnulli

325 1003 422 1080 occisi,
446 1003 545 1066 caeteri
559 1001 632 1086 luge
646 1001 730 1086 lapsl,
747 1003 871 1087 posteris
887 1025 949 1066 suae
971 1002 1147 1086 perditionis
1169 1001 1378 1088 opprobrium,
1402 1012 1432 1064 et

325 1101 499 1167 Olrristianae
515 1097 632 1164 virtues
647 1101 832 1186 reliquerunt
846 1100 1090 1186 experimentum

445 1364 711 1439 ADDITIONES
732 1360 936 1436 ΜΟΝΑΟΗῘ
959 1361 1016 1436 DE
1039 1359 1302 1436 oounuflntm

369 1556 461 1627 Anno
476 1563 588 1627 Gratiae
603 1562 761 1626 millesimo
776 1562 937 1628 centesimo
954 1563 1086 1641 ΧΠΠο,
1103 1586 1154 1628 rex
1166 1555 1319 1627 ilenricus
1335 1561 1434 1623 senior

326 1687 406 1730 enno
420 1665 504 1750 regni
518 1665 565 1728 sui
581 1663 707 1741 decimo,
723 1664 817 1727 lilium
828 1675 909 1728 stram
921 1665 1077 1729 Matildem
1095 1689 1131 1729 ex
1146 1663 1297 1730 Matillide
1313 1685 1431 1746 suscep³

326 1774 387 1832 tarn
401 1767 533 1830 Henrieo
545 1765 778 1829 Alemannorum
794 1767 964 1850 imperaturi
974 1767 1057 1830 dedit
1078 1769 1110 1830 in
1132 1778 1267 1831 uxorem.
1297 1765 1362 1828 Qui
1377 1766 1431 1827 irn-

282 1899 285 1904 ·
326 1873 454 1954 petetur,
469 1878 547 1932 anno
562 1867 727 1931 Dominlcae
742 1868 950 1932 incarnationls
966 1868 1121 1933 millesimo
1133 1866 1431 1944 centesimoXXlIo,

327 1980 406 2032 anno
420 1966 499 2050 regis
515 1966 638 2030 Henrlei
655 1954 761 2042 XXII,
777 1967 808 2028 in
830 1967 896 2050 ipso
911 1967 1006 2029 aetatis
1022 1985 1083 2031 suae
1106 1976 1135 2030 et
1151 1969 1340 2034 victoriarum
1356 1969 1432 2033 flore

327 2067 411 2133 obiit.
443 2068 591 2132 Successit
606 2068 632 2131 ei
647 2067 859 2151 Leodegarius,
884 2069 974 2151 quiet
988 2056 1148 2132 lotherius
1165 2069 1283 2149 dicitnr,
1312 2071 1432 2135 annis*

370 2171 505 2234 Audiens
527 2171 591 2234 Rex
625 2171 776 2234 Hernicus
804 2177 929 2232 mortem
963 2172 1088 2233 Henricl
1117 2173 1304 2256 imperatoris
1335 2172 1431 2235 filiam

328 2295 413 2338 suam
434 2273 593 2337 revocavit.
639 2272 701 2342 Qui
726 2274 821 2356 primo
843 2273 1017 2356 sponsalicio
1041 2296 1107 2357 quae
1129 2273 1314 2338 Willielmus
1336 2295 1432 2359 nepos

328 2397 401 2439 suus
412 2397 510 2438 comes
522 2385 622 2458 postea
634 2374 782 2438 Flandriae
797 2395 865 2436 oum
877 2373 940 2436 lilia
949 2374 1090 2438 Fulconis
1100 2377 1216 2438 comitis
1230 2377 1431 2459 andegavem

328 2478 378 2555 sis,
394 2484 496 2561 posteo
510 2477 589 2561 regis
604 2476 848 2540 derosolimorurn
865 2483 1033 2540 contractus
1045 2499 1107 2540 esse
1121 2477 1283 2557 dicebatur,
1296 2479 1434 2542 dissolvit

329 2585 359 2642 el
374 2579 510 2643 uastavilz

372 2675 463 2744 Anno
477 2666 613 2744 XXlllo
635 2672 718 2764 re'g'ni
739 2669 786 2743 sui
800 2691 852 2744 'rex
869 2669 1017 2744 llenridd's
1035 2671 1178 2765 Angliam
1202 2673 1292 2760 venit,
1318 2676 1432 2747 ducens

328 2796 429 2840 secum
444 2777 538 2841 liliam
553 2799 648 2841 suam.
694 2778 833 2841 Proximo
849 2795 917 2841 vero
934 2779 1022 2841 natali
1037 2767 1158 2842 Domini
1177 2789 1337 2846 convocato
1350 2787 1432 2869 apud

329 2867 517 2943 Iroudoniam
539 2900 651 2962 magno
672 2879 741 2942 cleri
763 2887 794 2942 et
823 2881 998 2962 optimatum
1023 2893 1155 2958 iinmero,
1193 2899 1297 2948 ornnes
1334 2889 1432 2951 totius

329 2980 448 3064 Angliae
484 2981 651 3064 optimates,
686 2981 849 3066 episcopos,
887 2989 917 3044 et
939 2980 1069 3059 abbates,-
1106 2995 1289 3051 sacramento
1326 2991 1429 3074 adegit

330 3091 362 3148 et
383 3083 551 3161 obstrinxit,
567 3090 602 3148 ut
624 3084 650 3147 si
670 3085 734 3168 ipse
750 3083 813 3146 sine
835 3083 949 3146 herede
972 3085 1105 3148 masculo
1128 3086 1431 3162 decederet—liliam

329 3185 409 3250 enim
424 3186 518 3250 Ducis
532 3185 696 3250 Loanensis
718 3206 842 3248 uxorem
865 3185 999 3263 duxerat,
1016 3187 1176 3272 dolensque
1188 3208 1247 3252 non
1264 3195 1432 3278 concipere,

331 3285 402 3350 dum
435 3295 466 3352 et
501 3298 644 3374 perpetuo
678 3288 808 3351 sterilem
840 3287 1179 3353 timeret-lllatillidem
1211 3292 1307 3357 filiam
1345 3320 1433 3362 suem

331 3389 481 3472 quondam
505 3389 731 3474 imperatricem,
754 3391 970 3462 incunctanter,
997 3399 1028 3453 et
1049 3391 1111 3454 sine
1137 3392 1198 3456 ulla
1221 3399 1435 3464 retractatione

332 3479 483 3554 dominam
499 3493 690 3576 susciperent.
706 3493 888 3556 duraverunt
897 3511 967 3575 ergo
979 3493 1079 3556 cuncti
1094 3495 1273 3580 quicumque
1284 3498 1315 3561 in
1325 3501 1435 3566 eodem

331 3593 457 3656 concilio
469 3593 594 3678 alicujus
609 3591 785 3658 videbantur
800 3617 861 3658 esse
884 3595 1034 3672 momenti,
1052 3598 1146 3680 primo
1167 3597 1337 3665 Willelmus
1353 3603 1433 3668 Can*

331 3696 488 3760 tuariensis
502 3689 747 3781 archiepiscopus,
765 3709 832 3760 mox
847 3698 947 3761 oaeteri
962 3699 1091 3784 episcopi
1106 3723 1166 3764 non
1182 3703 1280 3766 minus
1297 3705 1433 3772 abbatem

331 3789 450 3862 Primus
463 3794 603 3864 laieorum
615 3793 726 3885 Jurovit
744 3799 838 3867 David
855 3801 923 3864 Rex
938 3802 1054 3879 Scotiae,
1067 3812 1138 3866 tunc
1149 3805 1434 3889 SteplranusMore-

332 3902 407 3964 touii
419 3924 517 3965 comes
531 3909 562 3965 et
578 3897 730 3980 Bononiae,
746 3915 838 3987 nepos
854 3903 931 3987 regis
947 3926 983 3966 ex
998 3927 1096 3968 sorore
1111 3906 1214 3984 Adula,
1231 3931 1302 3972 mox
1319 3911 1434 3976 Rober-

368 4039 384 4070 ⁶
401 4037 459 4090 The
469 4039 581 4091 number
592 4038 616 4090 is
628 4038 737 4090 omitted
749 4039 777 4089 in
790 4039 835 4090 the
849 4038 907 4090 MS.
941 4039 984 4090 He
997 4040 1106 4109 reigned
1120 4045 1152 4094 13
1164 4061 1251 4113 years.
