3042 5134
328 465 390 533 len
715 461 861 532 Rnnnrsr
906 462 1006 533 Nrnru

328 643 517 730 postmodum
539 643 665 728 abrupto
680 643 744 708 loro
758 643 877 728 effugit,
890 650 920 708 et
938 643 972 707 in
989 643 1086 708 lacum
1102 665 1134 708 se
1155 665 1293 729 mergens
1312 643 1439 728 figuram

325 749 480 832 pristinam
491 747 611 831 recepit.
656 746 763 810 Omnis
773 747 853 810 enim
865 767 912 810 ars
923 746 1139 830 nigromantica
1155 769 1232 830 aqua
1246 740 1384 810 diluitur.

403 848 691 913 VIMGLXXXVI.
716 849 812 912 Hono
834 848 937 913 Curso
958 867 1117 912 anonuvm
1147 868 1244 912 annis
1271 848 1358 912 IIII.

640 951 780 1016 Maonns
802 971 868 1016 nux
899 951 1112 1014 Bunonnnrm.

368 1049 513 1118 Ricardns
525 1054 588 1118 dnx
598 1053 675 1138 patri
694 1053 821 1116 Ricardo
831 1052 981 1117 successit.
1026 1051 1075 1114 Ad
1088 1052 1167 1116 bunc
1180 1045 1362 1116 Ethelredns
1374 1073 1436 1123 rex,

324 1157 377 1240 qui
391 1179 452 1220 non
467 1178 571 1240 passus
589 1163 635 1219 est
657 1177 768 1220 ceream
791 1154 941 1220 candelam
964 1161 1033 1218 ante
1048 1176 1079 1217 se
1094 1153 1224 1231 accendi,
1252 1176 1288 1217 eo
1305 1154 1387 1238 qnod
1403 1155 1433 1217 in

323 1258 484 1342 pueritiae
498 1268 589 1322 matre
603 1280 672 1322 cnm
687 1257 816 1320 candelis
831 1256 1041 1335 verberaretur,
1066 1257 1203 1320 Timidus
1223 1254 1333 1333 dictus,
1355 1257 1435 1340 fugit

324 1382 395 1426 oum
415 1360 522 1424 Emma
544 1382 634 1424 uxore
658 1382 721 1435 sua,
743 1368 774 1422 et
795 1359 866 1424 filiis
889 1358 1032 1436 Aluredo,
1063 1359 1220 1435 Eduardo,
1250 1359 1432 1442 Margareta,

324 1470 446 1548 propter
460 1471 573 1527 metum
590 1463 750 1538 Danorum,
762 1461 814 1544 qni
823 1468 888 1525 toto
900 1463 964 1546 ejus
976 1469 1108 1546 tempore
1121 1460 1262 1544 Angliam
1273 1483 1429 1545 expugna-

328 1565 411 1643 bant,
427 1565 502 1630 duce
513 1565 619 1630 Suana
633 1564 810 1628 etCnutone
821 1563 892 1627 liliis
904 1566 977 1649 ejus.
1024 1563 1085 1628 Hic
1099 1563 1244 1627 Ricardns
1260 1563 1337 1626 dnos
1353 1563 1432 1627 filios

325 1666 431 1732 habuit
439 1694 448 1744 ;
469 1666 664 1744 Richardum,
676 1667 727 1750 qui
737 1667 832 1750 primo
847 1689 925 1729 anno
941 1673 1009 1751 post
1023 1665 1139 1729 obitum
1153 1664 1243 1748 patris
1254 1665 1390 1742 decessit,
1403 1673 1433 1728 et

326 1768 499 1840 noterium,
525 1771 577 1853 qui
602 1769 722 1832 fratrem
749 1791 865 1832 veneno
894 1769 1019 1845 necavit,
1050 1775 1081 1831 et
1107 1768 1173 1832 ideo
1202 1767 1332 1852 nudipes
1359 1767 1431 1831 abiit

325 1871 573 1956 Hierosolymam,
601 1882 631 1934 et
647 1871 720 1935 obiit
741 1871 900 1956 Bithyniae,
924 1894 960 1934 ex
975 1871 994 1933 J
998 1869 1084 1934 udith
1095 1869 1159 1934 iilia
1185 1870 1301 1933 Oonani
1314 1870 1430 1933 comitis

325 1974 494 2039 Britonum.
528 1973 681 2038 Robertns
692 1975 797 2059 gennit
812 1974 997 2038 Willelmnm
1007 1973 1184 2038 Bastardum
1200 1973 1427 2051 exconcubina,

325 2078 410 2163 cnjus
451 2077 578 2162 speciem
611 2076 643 2140 in
669 2077 783 2140 choreis
799 2072 803 2080 ’
818 2077 980 2141 saltitantis
1015 2077 1093 2140 forta
1117 2078 1314 2161 conspicatus,
1341 2084 1428 2140 nocte

325 2180 380 2243 sibi
420 2201 483 2243 eam
520 2180 685 2265 conjunxit,
720 2187 750 2243 et
782 2178 953 2263 aliquandiu
982 2179 1048 2243 loco
1081 2180 1170 2264 justae
1192 2179 1292 2242 uxoris
1316 2178 1429 2244 lrabnit.

325 2279 415 2344 Patre
437 2290 504 2364 post
532 2280 597 2344 VII
622 2303 715 2345 annos
739 2281 865 2345 ducatus
890 2281 937 2344 sni
964 2281 1190 2345 Hierosolimam
1221 2280 1428 2360 abennta,'sb

325 2384 463 2447 omnibus
479 2385 650 2469 proceribus
664 2386 697 2447 in
714 2407 824 2447 nomen
839 2392 870 2447 et
885 2384 977 2447 iidem
992 2383 1134 2447 Willelmi
1145 2386 1270 2469 jurator.

368 2486 493 2550 Mortuo
516 2486 621 2550 Swano
641 2509 709 2569 rege
724 2487 884 2558 Dacorum,
905 2509 992 2569 quern
1008 2485 1112 2549 beatus
1128 2485 1324 2549 Eadmnndus
1341 2488 1426 2550 mira·
1508 2523 1509 2551 l

324 2588 424 2652 culose
437 2589 554 2666 occidit,
571 2589 749 2653 Etheledrus
764 2589 850 2652 rediit
864 2589 895 2652 in
907 2589 1059 2672 Angliam,
1073 2611 1159 2672 qnam
1173 2589 1272 2652 Cnuto
1284 2589 1425 2654 London·

323 2692 361 2754 iis
379 2691 505 2755 obsedit.
553 2691 625 2766 Quo
640 2704 767 2768 mortno,
784 2713 852 2754 cum
869 2690 1048 2754 Eadmundo
1063 2699 1263 2775 cognomento
1276 2691 1428 2754 Irencside

322 2793 387 2857 filio
416 2794 567 2858 Ethelredi
596 2795 696 2858 (lunio
719 2794 876 2877 quinquies
905 2794 1057 2871 dimicans,
1092 2793 1213 2858 tandem
1237 2794 1268 2857 in
1299 2791 1428 2878 quodam

325 2897 468 2980 singulari
500 2897 658 2960 certamine
692 2897 793 2980 partiti
816 2902 887 2960 sunt
923 2896 1075 2980 Angliam,
1099 2904 1129 2960 et
1160 2895 1245 2961 amici
1270 2895 1382 2972 allecti,
1398 2910 1426 2960 et
1507 2957 1508 2983 ,

324 2998 424 3061 Crrnto
467 2997 571 3061 babuit
614 3021 738 3082 regnum
782 2999 971 3061 Marciorum.
1035 2998 1216 3064 Eadmnndo
1251 3020 1268 3061 a
1305 2999 1425 3082 proprio

324 3099 449 3164 satellite
474 3100 553 3163 intra
578 3100 700 3164 celanda
724 3108 837 3164 natnrae
864 3122 1004 3184 percusso
1030 3107 1061 3164 et
1085 3101 1191 3177 occiso,
1218 3099 1319 3164 Cnnto
1343 3101 1423 3164 solus

319 3204 467 3288 regnavit,
489 3226 523 3268 ac
546 3203 631 3267 duxit
653 3204 789 3267 Emmam
810 3204 903 3267 liliam
927 3203 1046 3267 Ricardi
1067 3204 1164 3288 primi,
1187 3225 1254 3287 quae
1270 3201 1330 3266 luit
1349 3226 1423 3267 uxor

324 3305 489 3383 Ethelredi,
501 3307 685 3391 fugatisejus
699 3306 771 3370 filiis
786 3307 817 3369 in
833 3307 1027 3370 Normaniam
1042 3328 1117 3390 quos
1133 3307 1169 3370 de
1184 3306 1424 3390 regeEtlielredo
1506 3335 1507 3378 i

323 3408 406 3491 prins
421 3408 575 3474 habuerat.

367 3509 467 3573 Onuto
481 3533 532 3573 rex
547 3511 666 3594 Angliae
681 3518 710 3575 et
722 3511 943 3577 Danemarchiae
952 3511 1104 3576 brachium
1117 3513 1212 3576 sancti
1222 3512 1424 3576 Bartholomei

323 3611 406 3675 dedit
419 3612 585 3677 Csntnariae
594 3622 625 3676 et
639 3635 746 3698 corpus
760 3617 856 3679 sancti
872 3614 999 3699 Elphegi
1017 3614 1212 3679 aLondoniis
1232 3614 1424 3679 Cantnariam

323 3715 485 3780 transtulit.
532 3715 641 3799 Legem
663 3716 742 3799 regis
764 3717 878 3782 Ellradi
900 3718 1035 3794 correxit,
1063 3725 1093 3781 et
1119 3718 1219 3782 omnis
1247 3720 1423 3782 monasteria

322 3839 375 3902 per
390 3819 527 3882 Sirenum
544 3818 668 3902 protrita
689 3841 822 3904 reparare
844 3822 967 3897 curavit,
984 3828 1014 3884 et
1028 3820 1226 3886 Abendonam
1249 3823 1423 3886 restauravit
1505 3818 1506 3847 ¹

324 3927 355 3983 et
364 3921 506 3985 Sanctum
518 3920 721 3986 Edmnndum.
740 3923 839 3988 Multa
850 3924 937 3988 etiam
947 3923 1089 3988 Fnlbarto
1100 3923 1274 3988 Curnotensi
1286 3925 1425 4010 episcopo

323 4024 451 4108 adopus
465 4023 595 4088 ecclesie
610 4024 704 4089 beatoe
724 4025 828 4091 Mariae
851 4027 988 4092 contulit·
1034 4027 1233 4091 Wiltoniensc
1250 4028 1422 4094 coenobinm

324 4124 439 4189 ditarit.
477 4125 698 4191 Interfectorem
711 4128 883 4194 Eadmundi
896 4127 1045 4194 Ireneside
1057 4129 1164 4194 occidit
1178 4157 1187 4208 3
1204 4128 1255 4194 sed
1268 4131 1333 4215 ejus
1347 4131 1425 4196 lilios
