3042 5134
568 594 758 658 Concursus
796 593 823 655 Ῑ.
1204 598 1222 656 5

166 771 228 856 jam
244 766 461 853 sexagenarius,
477 766 584 852 genuit
605 765 686 830 Esau
706 771 736 830 et
751 764 847 830 Jacob
868 763 1059 850 patriarchas,
1077 763 1223 848 originem

171 872 315 938 Idumaeae
330 870 439 954 gentis,
455 875 482 933 el
499 869 682 934 Israeliticae.

210 973 296 1038 Oirca
311 971 368 1036 hos
389 977 492 1036 tamen
506 971 570 1036 dies
584 978 689 1035 natum
709 975 755 1034 ast
770 991 897 1055 regnum
912 969 1116 1053 Argivorum
1139 969 1227 1052 cujus

169 1077 285 1162 primus
307 1097 360 1139 rex
381 1074 512 1139 Inachus
545 1074 613 1152 fuit,
636 1073 721 1158 cujus
741 1072 806 1136 iilia
826 1072 873 1151 Io,
897 1071 968 1156 quia
987 1071 1064 1135 hene
1086 1069 1231 1156 populum

170 1181 248 1245 rexit
260 1185 291 1243 et
303 1177 403 1242 literas
419 1175 531 1255 docuit,
548 1176 603 1241 dea
615 1175 763 1262 appellata
779 1183 834 1240 est.

218 1281 313 1346 Jacob
327 1282 547 1364 nonagenarius
566 1279 672 1364 genuit
690 1277 847 1343 duodecim
870 1277 1052 1362 patriarchas
1062 1305 1071 1356 3
1103 1299 1230 1361 quoram

171 1407 263 1462 unus,
278 1383 435 1468 Joseph,a
454 1381 597 1446 iratribus
616 1385 679 1446 suis
696 1381 836 1445 venditus
854 1381 887 1444 in
908 1379 1085 1465 AEgyptum.
1130 1380 1231 1444 Famis

174 1494 318 1571 tempore,
345 1484 455 1549 soeculo
480 1484 625 1548 sterilium
650 1506 806 1562 annorum,
834 1491 947 1567 patrem
973 1504 1062 1546 suum
1092 1504 1159 1545 oum
1189 1486 1230 1548 72

177 1587 333 1656 animabus
347 1586 535 1650 venientibus
551 1586 588 1650 ad
603 1607 671 1650 eum
681 1584 809 1668 benigne
824 1585 944 1669 recepit.
988 1584 1036 1649 De
1048 1583 1103 1648 hac
1118 1585 1232 1670 origine

174 1691 208 1754 in
222 1689 305 1754 brevi
327 1695 397 1754 nata
418 1695 464 1753 est
485 1688 681 1752 Hebraeorum
702 1686 875 1751 multitudo.
921 1686 998 1757 Quae
1019 1709 1111 1770 quum
1130 1687 1169 1750 ob
1184 1689 1232 1751 sui

175 1793 393 1857 incrementum
407 1797 597 1876 premeretur,
613 1790 720 1854 educta
735 1797 781 1854 est
795 1813 813 1854 a
825 1790 930 1875 Moyse
943 1811 997 1874 per
1007 1811 1085 1854 mare
1095 1789 1229 1853 Rubrum

178 1895 264 1960 siccis
276 1894 417 1979 vestigiis.
463 1893 502 1957 Iu
518 1915 577 1977 quo
589 1893 704 1957 Pharao
719 1915 909 1978 persequens,
921 1892 1092 1957 submersus
1104 1900 1150 1957 ost
1164 1915 1233 1956 cum

178 1997 261 2062 omni
276 1997 407 2060 exercitu
421 2017 486 2074 suo,
502 1996 631 2060 reductis
647 1995 735 2059 maris
752 1996 839 2080 aquis
854 2017 944 2080 super
958 2017 1036 2058 curn.
1140 2068 1142 2074 Ι

224 2098 315 2169 Quod
329 2097 437 2163 accidit
450 2119 543 2182 prope
557 2120 592 2162 ea
606 2104 749 2181 tempora,
767 2120 860 2181 quum
875 2097 961 2182 Apis,
976 2119 1027 2161 rex
1050 2097 1234 2182 Argivorum

179 2207 367 2267 transvectus
386 2208 432 2265 est
454 2199 579 2264 navibus
601 2198 632 2279 ip
654 2199 834 2285 AEgyptum,
857 2206 886 2264 et
914 2207 1054 2284 posteaa
1077 2199 1233 2284 sepulchro

181 2327 245 2383 suo,
268 2303 346 2387 quod
380 2303 479 2367 Serois
502 2302 611 2367 dicitur
640 2301 723 2365 etin
748 2302 937 2366 veneratione
960 2301 1094 2380 habetur,
1117 2304 1235 2387 Serapis

181 2407 279 2471 dictus
308 2411 362 2471 est.
408 2404 501 2489 Cujus
535 2403 617 2469 filius
647 2406 749 2492 Argus
777 2404 836 2468 fuit
847 2431 857 2482 ς
889 2426 908 2467 a
936 2426 996 2487 quo
1027 2405 1132 2488 largivi
1161 2412 1233 2468 sunt

182 2507 330 2595 appellati.

226 2611 375 2695 Populum
395 2608 524 2694 denique
549 2609 746 2674 Hebraeorum
767 2608 902 2673 traduxit
921 2609 1043 2695 Moyses
1065 2631 1118 2694 per
1138 2608 1240 2674 deser-

183 2721 260 2792 tum,
276 2712 478 2797 praeeuntibus
502 2734 571 2776 eum
591 2712 730 2776 columna
753 2712 843 2776 nubis
866 2734 919 2797 per
943 2711 1022 2776 diem
1047 2719 1078 2776 et
1098 2711 1237 2777 columna

183 2817 263 2902 ignis
286 2838 339 2900 per
363 2821 490 2892 noctem,
507 2837 561 2900 per
585 2814 784 2900 quadraginta
806 2837 910 2880 annos.
954 2814 1026 2879 Dux
1053 2815 1156 2899 populi
1177 2814 1238 2878 luit

182 2927 317 3004 tempore
340 2917 492 3003 Cycropis,
519 2918 570 3001 qui
594 2917 728 2982 Athenas
752 2917 906 2997 condidit3
937 2940 997 3002 quo
1023 2917 1159 2982 Minerva
1182 2939 1237 3002 pro

184 3021 239 3084 dea
253 3019 355 3084 habita
369 3020 436 3097 luit,
451 3019 483 3083 id
499 3026 544 3083 est
567 3020 739 3104 Sapientia3
763 3042 822 3103 quo
838 3020 925 3083 etiarn
942 3019 1140 3083 Prometheus
1155 3041 1237 3103 egre·

185 3124 253 3209 gius
268 3123 372 3187 doctor
387 3122 446 3185 luit
464 3121 618 3205 sapientiae
627 3150 637 3202 ;
660 3130 690 3186 et
705 3122 792 3186 Atlas
812 3121 990 3206 astrologus,
1008 3129 1039 3185 et
1056 3121 1236 3200 Mercurius,

184 3226 323 3290 inventor
337 3223 499 3288 multarum
523 3224 642 3288 artium.
687 3225 774 3288 Tunc
797 3231 827 3288 et
851 3224 910 3287 fuit
933 3223 1109 3288 Phaetontis
1122 3222 1238 3288 fabulo·

186 3350 253 3391 som
267 3326 440 3390 incendium
454 3335 484 3388 et
498 3326 690 3391 Deucalionis
706 3326 862 3390 diluvium.

231 3428 294 3493 Sub
316 3428 484 3507 Curnaone,
508 3429 560 3512 qui
590 3429 732 3493 successit
754 3428 888 3513 Cecropi,
912 3428 1012 3513 Mopsi
1036 3427 1130 3492 Josue
1157 3427 1241 3493 iilius

187 3531 264 3596 Nun
288 3531 438 3594 successit.
493 3531 556 3601 Qui
578 3532 713 3596 traduxit
734 3532 881 3616 populum
906 3531 984 3595 ultra
1007 3531 1179 3608 dordonam,
1210 3539 1240 3595 et

188 3633 342 3698 distribuit
367 3633 394 3696 ei
418 3640 526 3696 terram
551 3633 672 3698 Oanaan
700 3634 732 3698 in
756 3633 967 3698 haereditatem.
1014 3634 1083 3697 Hoc
1107 3639 1242 3717 tempore

189 3735 282 3801 Liber
312 3735 421 3798 dicitnr
450 3736 617 3799 ostendisse
645 3737 737 3800 vitem
767 3737 878 3820 hospiti
901 3759 956 3800 suo
984 3737 1017 3799 in
1047 3736 1161 3800 Graecia
1171 3764 1181 3814 5
1211 3744 1242 3800 et

188 3839 312 3922 Europa
325 3843 420 3922 rapta,
434 3837 572 3920 genuisse
586 3837 738 3902 Minoaet
753 3838 932 3923 Sarpedona,
945 3846 976 3901 et
998 3838 1242 3918 Rhadamantda3

189 3949 220 4006 et
245 3940 360 4004 Busiris
384 3939 516 4024 hospites
544 3963 614 4004 suos
646 3940 799 4005 immolare
832 3940 985 4005 dicebatur
997 3970 1006 4021 ;
1041 3948 1072 4005 et
1095 3941 1242 4005 Latonam

187 4043 336 4130 peperisse
347 4041 538 4126 Apollinem,¹
562 4050 592 4106 et
603 4043 767 4107 Bacchides
778 4043 917 4107 mulieres
927 4043 1038 4123 luisse,
1061 4051 1092 4108 et
1101 4044 1242 4107 Perseum

191 4154 222 4210 ct
236 4143 458 4209 Andromedam
472 4144 628 4208 interiisse.

234 4246 309 4310 Post
333 4245 426 4309 Josue
448 4245 507 4310 init
532 4246 664 4332 popolus
694 4245 750 4310 sub
780 4246 827 4310 his
857 4245 1016 4311 Judicibus
1045 4269 1099 4332 per
1127 4269 1242 4311 succes-
1323 4291 1327 4300 ·

192 4349 315 4427 sionem,
330 4347 482 4427 Othoniel,
496 4347 771 4433 AioythsDelborah,
783 4349 911 4429 Gideon,
922 4348 1106 4430 Abimeleoh,
1117 4349 1243 4428 Tholah,
