3042 5134
536 499 793 567 Cnsourooa'll.
1149 501 1211 566 143

148 670 275 756 '[Hujus
301 667 435 734 Heradii
459 674 592 752 tempore
616 667 723 731 claruit
753 665 907 733 Johannos
929 666 1095 751 patriarcha
1120 668 1211 732 Alex-

111 773 266 846 andrinus,
289 773 342 856 qui
363 771 420 835 fuit
438 776 470 833 et
490 769 730 853 eleemosynator.
792 767 875 832 Sedit
896 773 926 831 et
948 768 1105 832 Modestus
1125 769 1210 832 ‹iero-

112 874 290 938 solimorum
304 871 494 958 patriarcha]
1182 939 1187 948 ,

153 979 304 1044 Clotarius
325 998 378 1040 rex
399 973 604 1059 Dagobertum
625 972 724 1036 filium
749 995 838 1036 suum
859 971 930 1036 iecit
952 995 1053 1058 regem
1075 973 1214 1038 Austriae.

113 1078 306 1163 Dagobertus
321 1077 390 1141 vicit
411 1062 553 1141 Saxones.
607 1074 668 1137 Hic
687 1073 793 1137 ditavit
807 1074 958 1138 ecclesiam
973 1074 1054 1139 beati
1067 1073 1214 1161 Dionysii.

114 1183 208 1244 Anno
224 1178 354 1243 Heraclii
370 1181 431 1242 eoo
452 1177 577 1242 fundata
596 1182 641 1240 est
663 1175 782 1240 abbatia
803 1175 839 1238 ds
863 1174 1031 1241 Abcnduna
1051 1177 1167 1242 aCissa
1180 1183 1211 1242 et

111 1281 273 1359 Cadvalla,
292 1281 345 1345 sed
367 1280 556 1366 postmodum
572 1280 722 1343 destructa
736 1277 774 1343 ab
797 1277 982 1342 llthelwaldo
1005 1279 1143 1364 episcopo
1168 1286 1215 1344 est

117 1390 293 1449 rostamata.

160 1484 475 1550 VMDOCCXLIIII.
522 1483 708 1547 Hnnaonms
720 1501 899 1548 rnnnaavrr
913 1501 1009 1546 nurus
1025 1485 1078 1545 28.

164 1588 292 1651 Senatus
312 1587 488 1651 Heraclonae
505 1591 536 1650 et
557 1584 644 1648 matri
666 1606 729 1648 suae
746 1585 889 1648 Mortinoe
910 1606 1014 1648 nasum
1028 1592 1059 1648 et
1074 1584 1208 1668 linguam

117 1688 286 1767 abscidunt,
310 1689 363 1772 qui
383 1687 540 1771 imperavit
560 1708 629 1750 cnm
650 1701 743 1750 matre
773 1685 892 1750 dnobus
914 1687 1000 1750 annis
1022 1694 1090 1772 post
1114 1688 1212 1752 Hera-

119 1791 222 1856 clium.
281 1789 357 1855 Post
393 1811 482 1873 quem
517 1788 672 1872 imperavit
708 1788 921 1854 Constantinus
959 1788 1042 1854 lilius
1084 1789 1215 1854 Heraclii

121 1914 202 1957 anno
231 1913 301 1956 uno.
346 1889 535 1976 Dagobertns
555 1912 617 1967 rex,
633 1889 726 1974 judex
745 1912 875 1962 severus,
897 1892 1010 1976 primns
1031 1914 1151 1956 censum
1175 1891 1212 1956 de

118 1994 195 2059 fisco
235 1993 338 2078 palatii
372 1993 502 2057 ecclesiis
537 1991 600 2056 duri
632 1993 732 2077 jussit.
802 1993 949 2057 Constans
984 1995 1144 2080 imperator
1177 1993 1216 2060 lit

119 2095 330 2160 monoscelitus
350 2094 495 2159 suadente
516 2094 610 2158 Paulo
638 2094 805 2158 Bizanzeuo
827 2095 1002 2180 patriarcha.
1062 2095 1210 2160 Constans

121 2197 323 2282 discooperuit
338 2195 496 2260 Pantheon
509 2193 619 2280 teguha
631 2195 713 2259 aereis
728 2202 759 2258 et
773 2195 853 2258 misit
868 2195 1056 2281 Byzantium,
1072 2204 1102 2260 et
1118 2205 1217 2282 posta

58 2371 64 2384 ,
123 2301 188 2364 suis
216 2306 265 2364 est
295 2298 478 2363 interiectas.
537 2297 622 2361 Sedit
650 2297 820 2362 Vitalianus
848 2299 899 2381 qui
926 2299 1007 2362 misit
1026 2299 1214 2366 Theodorum

124 2401 377 2487 archiepiscopum
392 2399 592 2463 Cantennam.
637 2398 698 2462 Hic
710 2399 885 2463 Theodorus
898 2399 969 2465 iecit
983 2401 1216 2484 penitentialem

122 2501 245 2580 librum,
260 2507 290 2566 ot
306 2500 385 2564 misit
400 2499 566 2565 Adrianum
579 2498 726 2564 abbatem.
772 2500 851 2566 Puer
865 2500 986 2586 quidam
1000 2501 1218 2568 Cantuariensis

122 2603 198 2668 dum
226 2625 244 2667 a
268 2602 410 2688 magistro
439 2601 649 2680 verberaretur,
670 2600 819 2667 invocavit
839 2601 959 2667 beatum
985 2603 1162 2683 Attanum,
1187 2611 1219 2670 et

126 2703 229 2768 smum
243 2725 350 2767 manias
362 2701 543 2767 verberantis
558 2703 691 2787 diriguit.

178 2803 503 2870 VMDCCCLXXIII.
559 2802 726 2868 Consanus
753 2825 928 2872 rurnanvrr
949 2826 1046 2872 nvnrs
1069 2806 1190 2887 XXVI,

497 2926 601 2970 maros
617 2907 844 2973 Cousraumur.

183 3007 398 3073 &mannans
412 3008 572 3091 imperator
584 3008 643 3072 init
657 3009 839 3087 Catholicae,
856 3017 885 3074 et
894 3017 1073 3076 restaurator
1087 3011 1221 3077 ecclesia-

131 3129 199 3173 rum
214 3114 244 3173 et
258 3115 362 3173 contra
375 3109 584 3174 monoseelitas
603 3109 759 3194 septimam
783 3111 930 3196 synodum
952 3113 1224 3198 Constantinopoli-

130 3220 235 3276 tanam
256 3211 456 3297 congregavit.
512 3212 551 3275 In
567 3232 601 3276 ea
615 3218 661 3276 est
675 3211 844 3277 Macharius
865 3211 1035 3278 Potriarcha
1055 3215 1224 3280 Constanti·

128 3313 321 3398 nopolitanus
329 3313 494 3380 damnatus.
512 3314 593 3379 Huic
601 3314 738 3380 interluit
748 3316 868 3400 Agatho
876 3337 952 3401 papa
962 3317 1013 3400 qui
1022 3322 1053 3381 et
1064 3317 1146 3381 aliud
1154 3338 1224 3382 con-

129 3417 233 3482 cilium
248 3417 439 3502 congregavit
454 3424 556 3482 contra
571 3417 723 3502 praefatam
737 3418 883 3498 haeresim,
899 3419 948 3482 cui
961 3419 1097 3484 interfuit
1120 3419 1225 3484 beatus

127 3519 289 3584 Willridus
320 3519 517 3584 Eboraceusis
550 3520 797 3606 archiepiscopus.
857 3524 938 3586 Ante
966 3522 1024 3587 hoc
1053 3529 1170 3607 tempus
1191 3524 1225 3588 in

128 3629 274 3694 electione
295 3627 423 3692 Romani
448 3627 600 3712 pontilicis
629 3627 776 3693 dabantur
806 3650 928 3694 munera
960 3629 1226 3709 consuetudinaria,

130 3730 185 3795 sed
205 3751 308 3794 eoram
342 3729 559 3794 absolutionem
593 3731 763 3814 impetrayit
795 3732 925 3816 Agatho.
978 3732 1078 3796 Cnuto
1110 3753 1228 3816 quoqne

129 3853 184 3897 rex
205 3831 311 3895 Danas
333 3829 413 3894 idem
433 3831 467 3895 in
487 3831 597 3916 Anglia
614 3813 841 3917 archiepiscopis
860 3832 1031 3916 impetravit
1052 3853 1106 3916 pro
1128 3832 1228 3916 pallio.

130 3934 265 4017 Corpora
300 3933 397 3996 sancti
419 3932 575 3997 Benedicti
597 3941 629 3997 et
661 3942 773 3998 sanetae
797 3933 964 3998 Scolaaticoe
995 3931 1135 3997 translata
1157 3940 1228 3997 sunt

131 4038 165 4101 in
186 4033 310 4100 Gallias.
334 4033 431 4098 Aliter
452 4040 552 4099 tamen
577 4022 744 4100 Alexander
766 4035 870 4100 tertius
889 4057 977 4120 super
990 4035 1055 4100 hoc
1074 4033 1228 4100 sentiebat.

133 4136 302 4202 Mortahtas
329 4136 457 4201 maxima
471 4137 580 4201 'Roma
605 4137 741 4215 invaluit,
773 4144 804 4201 et
824 4137 940 4215 Ticino,-
962 4158 1029 4220 qnaa
1050 4143 1098 4200 est
1127 4135 1231 4226 Papia.
