3042 5134
502 528 692 594 Cancurcou
737 516 783 594 ΙΙ.
1158 527 1218 590 135

14 766 15 773 ,
114 707 308 771 incredibilia.
356 705 442 769 Sedit
464 706 618 790 Agapitus
645 705 698 788 qui
729 703 868 769 Bizautio
898 703 1013 768 curavit
1042 725 1154 768 cacum
1187 709 1217 766 et

14 792 15 811 ³
114 809 264 884 claudum,
281 816 311 872 et
327 809 434 871 statuit
448 807 490 870 ibi
505 807 687 892 Ypapanton
700 806 841 870 celebrari
857 829 910 889 pro
927 804 1106 869 mortalitate
1119 805 1214 868 homi·

115 931 199 986 num,
215 932 308 992 quum
322 916 391 972 ante
405 909 509 972 Romae
524 909 718 971 celebraretur
737 913 858 992 propter
879 906 1054 971 amburbale
1074 905 1216 970 tollenda.

115 1011 162 1074 De
174 1011 221 1073 his
240 1011 351 1094 legitur
370 1011 401 1074 in
425 1011 509 1073 lastis
532 1010 643 1072 Ovidii.
688 1009 809 1074 Olareut
833 1012 948 1080 Arator,
965 1016 1086 1073 sauctus
1111 1009 1217 1093 Lupus

117 1115 308 1192 senonensis,
321 1122 440 1176 sanctus
455 1114 599 1177 Caesarius
615 1112 796 1176 Arelatensis
808 1112 1030 1196 archiepiscopi,
1048 1120 1078 1175 et
1091 1113 1219 1176 Aredius

113 1216 256 1280 fundator
271 1216 401 1280 locorum
417 1223 595 1279 sanctornm.
640 1216 710 1278 Hoc
723 1221 856 1298 tempore
871 1215 1036 1278 factumest
1047 1215 1220 1278 miraculum

113 1318 224 1382 devite
239 1325 269 1380 et
284 1340 341 1380 uva
356 1318 467 1382 Senoni
480 1323 511 1380 et
525 1316 605 1380 aliud
635 1317 672 1380 de
687 1315 804 1379 diabolo
819 1338 917 1379 coram
928 1315 1067 1378 omnibus
1081 1327 1220 1395 cremato,

114 1427 146 1483 et
158 1418 314 1482 visibiliter
328 1421 421 1503 ejecto
437 1442 489 1503 per
503 1419 625 1482 beatum
636 1419 768 1502 Lupum.
798 1417 983 1481 Tbeobertus
994 1417 1075 1480 filius
1084 1419 1222 1482 Theodo-

116 1523 170 1586 rici
185 1523 242 1585 filii
257 1521 425 1586 Cleodovaei
438 1522 583 1604 regnavit.
639 1518 824 1584 Theobertus
834 1530 864 1582 et
873 1519 1080 1584 Childebertus
1096 1529 1220 1604 patruus

116 1626 182 1709 ejus
211 1623 345 1686 volentes
375 1623 506 1686 occidere
544 1622 719 1700 Clotarium,
750 1621 886 1705 precibus
924 1621 1002 1684 beati
1032 1621 1157 1684 Martini
1187 1628 1218 1684 et

116 1725 278 1790 clothildis
292 1747 345 1809 pro
355 1731 531 1809 tempestate
539 1726 696 1806 ingruente
711 1725 886 1808 poenituere.
932 1723 1034 1786 Simile
1049 1723 1218 1786 factumest

117 1829 252 1894 Parisius
275 1836 407 1912 tempore
427 1828 515 1911 primi
537 1828 669 1911 Philippi
695 1827 773 1910 regis
804 1827 983 1890 Francorum
1014 1834 1044 1889 et
1075 1827 1217 1910 Hugouis

118 1931 235 1994 abbatis
252 1930 464 1994 Cluniacensis.
519 1929 559 1992 Et
577 1930 641 1992 haec
655 1929 713 1991 tuit
733 1951 821 1992 causa
839 1929 1026 1992 exaltationis
1051 1930 1220 1992 monasterii

119 2033 200 2096 beati
223 2031 348 2096 Martini
377 2031 414 2094 tle
444 2030 564 2114 campis.
611 2029 822 2094 Childebertus
853 2037 883 2092 et
907 2030 1056 2093 Clotarins
1086 2029 1220 2094 obsidere

118 2135 388 2215 Caesaraugustam,
411 2138 442 2194 et
477 2131 689 2194 Obildebertus
710 2131 781 2194 inde
812 2131 948 2194 tunicam
967 2130 1044 2194 beati
1068 2131 1221 2194 Vincentii

116 2235 221 2299 attulit
250 2235 390 2298 Parisios.
435 2233 640 2296 'l'heodbertus
673 2233 795 2296 Italiam
825 2241 854 2295 et
887 2233 1016 2296 Siciliam
1046 2232 1217 2315 adquisivit.

113 2334 331 2400 Theodvaldus
351 2335 409 2398 fuit
429 2333 511 2396 iilius
531 2335 604 2417 ejus.
665 2334 705 2397 In
728 2334 901 2397 dormitorio
921 2333 1001 2397 beati
1017 2334 1142 2398 Martini
1157 2335 1218 2399 duo

116 2440 217 2524 angeli
239 2440 365 2518 ingressi
386 2445 466 2510 sunt,
489 2461 568 2502 unns
585 2439 715 2501 indicem
732 2437 922 2514 extendebat,
945 2438 1019 2501 alter
1040 2438 1219 2502 monachum

119 2565 212 2626 quem
233 2541 283 2605 ille
314 2539 458 2618 ostendit,
490 2540 647 2624 percussit.
707 2539 796 2602 Unus
818 2539 899 2602 solus
921 2561 955 2601 ex
980 2537 1121 2602 omuibus
1143 2540 1222 2622 vigi·

14 2668 15 2673 ¹
121 2645 187 2708 lans
210 2643 312 2706 evasit.
368 2640 511 2704 Monachi
542 2641 642 2704 sericis
675 2640 809 2704 vestibus
844 2638 1056 2703 induebantur.
1117 2640 1222 2706 Mensa

120 2745 273 2812 Canonica
286 2743 329 2807 ibi
349 2766 366 2806 a
380 2743 554 2806 Baldevvino
570 2743 710 2827 episcopo
725 2742 914 2806 Thurouensi
930 2743 1083 2806 statuitur.
1139 2742 1224 2807 Obiit

121 2855 243 2914 sanctus
278 2843 442 2908 Medardus
477 2845 696 2909 suessonensis.
741 2845 781 2908 In
805 2845 961 2908 Britannia
982 2845 1092 2927 majore
1114 2844 1223 2908 occidit

123 2949 226 3036 pluvia
258 2947 411 3030 sanguinis
443 2946 539 3010 tribus
573 2947 677 3010 diebus
711 2947 870 3010 continuis.
917 2945 1137 3010 Oadwalladrus
1170 2969 1222 3010 rex

126 3052 285 3116 Britonum
316 3048 441 3112 ultimus
473 3048 616 3112 minorem
651 3049 835 3112 Britanniam
859 3047 942 3112 adiit.
987 3049 1095 3111 Postea
1121 3048 1223 3112 adiens

126 3155 254 3218 Romam
285 3151 395 3214 ibidem
426 3150 560 3234 quiescit.
606 3151 645 3214 In
669 3151 807 3213 allatione
828 3151 1021 3233 reliquiarum
1042 3150 1106 3232 ejus
1128 3157 1224 3213 status

122 3257 286 3320 Britonum
310 3251 464 3335 pristinus,
491 3260 526 3315 nt
552 3252 666 3328 dicunt,
691 3251 885 3334 reparabitur.
942 3251 1070 3312 Duravit
1095 3271 1221 3333 regnum

124 3359 286 3423 Britonum
307 3376 324 3417 a
346 3354 442 3418 Bruto
465 3354 516 3437 qui
539 3354 650 3436 primus
671 3354 703 3416 in
724 3353 884 3416 Britannia
905 3353 1041 3434 regnavit
1066 3373 1161 3435 usquc
1184 3352 1223 3416 ed

124 3456 359 3526 Oadvulladrum
379 3455 591 3518 IIMLXXVI
611 3455 707 3530 aunis,
723 3456 779 3518 sub
801 3452 957 3517 Oduobus
981 3451 1102 3536 regibus
1116 3461 1225 3536 praeter

132 3561 295 3626 Wallenses
323 3565 353 3621 et
394 3557 625 3620 Comubienses.
669 3557 763 3640 Angli
804 3554 993 3639 postmodnm
1027 3565 1226 3637 regnaverunt

128 3659 360 3727 CCCLXXVII
382 3659 468 3722 annis
483 3666 551 3722 ante
573 3659 737 3721 adventum
757 3658 1008 3720 Narmannorum.
1036 3657 1057 3718 J
1061 3657 1226 3721 ustinianus

129 3767 288 3848 imperator
310 3759 486 3844 depravatus
505 3781 558 3843 per
574 3761 729 3823 Antimum
750 3758 917 3842 deportavit
933 3759 1089 3822 Silverium
1104 3759 1224 3844 Papam,

129 3877 161 3931 et
182 3865 284 3947 legum
305 3861 471 3944 congeriem
493 3861 525 3924 in
548 3881 695 3925 summam
716 3861 823 3944 coegit.
870 3861 918 3924 Ex
947 3859 1101 3924 Catholico
1129 3860 1226 3925 iactus

130 3979 177 4035 est
192 3974 386 4055 persequutor
400 3967 565 4049 pessimus3
580 3967 672 4051 hujus
682 3974 788 4050 rogatu
799 3965 966 4028 Priscianus
980 3965 1098 4047 scripsit
1113 3964 1226 4029 deceta

133 4073 279 4163 partibus,
295 4070 451 4134 haereticus
467 4082 501 4132 ut
516 4070 535 4132 J
539 4069 716 4147 ustiniauns,
737 4069 937 4146 monoscelita,
954 4089 1015 4130 non
1036 4075 1071 4131 ut
1092 4069 1227 4150 garriunt

132 4182 288 4262 Apostata.
348 4173 387 4234 In
417 4172 529 4256 Anglia
557 4172 625 4234 Blle
654 4193 704 4234 rex
734 4171 890 4238 Deirorum
923 4169 1072 4254 regnavit3
1103 4168 1140 4232 de
1168 4167 1227 4230 isto
