3042 5134
337 512 378 576 70
606 556 610 563 -
726 505 875 577 umora
897 510 1002 577 Nronr

336 677 498 763 provintiis
523 684 679 745 terarum.
733 679 877 745 Similiter
891 687 923 747 et
947 679 1081 745 abbatias
1094 680 1264 767 plurimastl
1293 686 1446 766 fundavit,
1504 676 1505 753 l

337 785 368 843 et
385 786 447 845 tarn
466 780 604 846 ecclosias
620 802 710 867 quam
724 781 858 847 abbatias
881 783 1072 869 amplissimis
1091 785 1256 851 honoribus
1270 795 1301 853 et
1316 812 1449 875 possess-

333 882 454 948 ionibus
482 895 515 949 et
543 884 716 950 muneribus
744 885 861 963 ditavit,
885 892 916 950 et
944 886 1138 971 reliquiarum
1167 889 1446 959 contributiouibus

333 986 502 1072 insignivit.
546 987 619 1072 lpse
628 1008 748 1073 quoque
762 988 926 1053 literature
936 994 967 1053 et
977 990 1142 1075 peregrinis
1151 990 1266 1075 linguis
1277 994 1448 1060 ediscendis
1504 1038 1505 1067 1

333 1110 453 1174 operam
466 1088 606 1168 intendit,
621 1096 653 1153 et
666 1090 746 1154 filios
757 1112 828 1155 suos
838 1091 935 1175 primo
950 1090 1051 1156 studio
1065 1092 1228 1173 literarum,
1243 1098 1442 1180 postmodum

332 1193 454 1259 militari
464 1193 620 1280 disciplina
631 1193 774 1273 exercuit,
789 1200 822 1259 ct
834 1193 913 1259 filias
926 1203 1040 1283 suaset
1054 1202 1159 1281 neptes
1172 1196 1321 1263 lanificiis.

377 1350 494 1417 Habuit
517 1351 595 1416 enim
617 1349 706 1429 filios,
727 1348 878 1424 Oarolum,
917 1350 1075 1436 Pepinum,
1098 1357 1130 1416 et
1165 1352 1368 1439 Lodovicum,
1408 1364 1438 1421 et

331 1454 515 1540 Drogouem,
544 1462 576 1518 et
602 1452 789 1537 Hugonem3
826 1452 903 1518 filias
926 1452 1093 1533 Rotrudeu,
1120 1454 1259 1541 Bergam,
1285 1465 1318 1521 et
1343 1458 1436 1523 Gilli-
1505 1500 1506 1523 ι

330 1579 389 1622 arn.
442 1556 567 1621 Carolus
589 1562 691 1620 tamen
718 1554 946 1639 primogenitus,
976 1563 1006 1621 et
1032 1556 1160 1641 Pipinus
1188 1580 1239 1622 rex
1267 1558 1381 1640 Italiae,
1408 1568 1438 1625 et

331 1657 483 1723 Rotrudes
512 1658 586 1737 filia,
615 1680 652 1723 eo
681 1657 799 1722 vivente
832 1657 1019 1723 interierunt
1063 1658 1197 1743 Pepinus
1227 1682 1297 1725 vero
1323 1661 1437 1729 habuit

329 1761 430 1825 filium
453 1760 641 1827 Bernardum
665 1766 696 1825 et
721 1759 855 1845 quinque
879 1758 967 1826 filias.
1012 1760 1115 1831 Quum
1140 1761 1233 1847 igitur
1260 1763 1337 1829 fines
1362 1767 1437 1831 vitae

331 1864 484 1928 imminere
506 1864 668 1949 conspexit,
688 1862 888 1940 Ludovioum,
911 1884 999 1948 quem
1019 1863 1102 1949 prius
1124 1863 1311 1931 ordinaverat
1328 1890 1437 1953 regem

329 1960 512 2048 Aquitaniae,
538 1962 745 2047 imperatorem
760 1959 942 2040 const'tuit,'
953 1967 984 2026 et
998 1959 1184 2029 Bernardum
1199 1965 1296 2031 filiurn
1320 1967 1435 2053 Pepini

329 2086 429 2151 regem
459 2064 556 2130 ltaliae
583 2064 665 2129 fecit.
708 2062 869 2149 Pepininm
897 2085 977 2142 vero,
1000 2086 1091 2148 quem
1109 2063 1221 2133 babuit
1250 2091 1287 2133 ex
1307 2072 1435 2152 ancilla,

329 2174 451 2253 propter
472 2167 707 2255 conjurationem
732 2188 823 2251 quam
841 2164 875 2230 iu
898 2186 966 2231 eum
985 2166 1105 2248 fecerat,
1118 2166 1151 2234 in
1176 2169 1313 2236 eoenobio
1327 2194 1437 2238 mona-

330 2270 440 2337 chavit.

373 2428 446 2494 Vita
465 2429 560 2514 igitur
586 2434 618 2495 et
648 2424 780 2491 moribus
802 2422 991 2511 conspicuus,
1015 2431 1046 2490 et
1067 2425 1139 2491 felix
1169 2426 1252 2512 prole
1275 2449 1432 2513 generose,

329 2539 424 2597 noctu
439 2532 545 2618 dieque
556 2530 636 2596 boris
647 2527 796 2594 canonicis
809 2526 962 2593 ecelesiam
973 2528 1189 2613 frequentabat,
1200 2537 1230 2593 ct
1240 2529 1273 2595 in
1281 2553 1432 2616 pauperes

328 2636 491 2700 munificus
504 2644 588 2713 erat3
603 2640 634 2697 et
648 2632 770 2717 insuper
792 2651 861 2695 oum
875 2629 1060 2716 principibus
1080 2631 1254 2696 infidelibus
1274 2638 1304 2697 et
1326 2634 1431 2699 Sarra-

328 2739 420 2815 cenis,
459 2737 557 2802 missis
589 2734 712 2812 exeniis,
746 2733 906 2800 amicitiam
940 2732 1143 2813 contrahebat,
1174 2740 1210 2799 ut
1237 2735 1432 2819 refrigerium

326 2839 512 2917 Christianis,
536 2838 588 2923 qui
603 2836 660 2903 sub
675 2838 718 2902 eis
737 2844 833 2914 erant,
858 2835 1024 2901 redimeret.
1069 2837 1338 2921 Appropinquante
1354 2860 1428 2903 vero

326 2942 391 3007 fine
404 2942 477 3026 ejus,
497 2946 704 3027 processerunt
723 2938 848 3024 eclipses
862 2945 925 3003 tam
939 2938 1010 3003 solis
1030 2960 1120 3022 quam
1133 2939 1223 3016 lunae,
1238 2946 1270 3004 et
1292 2939 1357 3004 visa
1381 2949 1430 3005 est

326 3044 444 3110 macula
456 3044 526 3109 tetri
537 3044 644 3109 coloris
657 3043 689 3106 in
706 3042 769 3108 sole
783 3040 849 3106 VII
862 3040 976 3105 diebus.
1022 3040 1081 3104 Sed
1095 3041 1185 3105 etiarn
1199 3043 1330 3126 porticus
1343 3043 1428 3109 inter

326 3147 477 3213 basilicam
497 3154 527 3211 et
546 3145 655 3232 regiam
678 3167 799 3230 operose
822 3148 1003 3222 constructa,
1025 3165 1043 3208 a
1062 3143 1263 3237 fundamentis
1282 3145 1344 3209 ruit
1354 3172 1367 3225 ς
1396 3154 1428 3213 et

292 3279 294 3294 .
326 3274 403 3338 pons
417 3252 515 3316 Rheni
526 3251 643 3336 ligneus
657 3248 738 3333 apud
753 3246 958 3332 Magantium,
979 3268 1069 3331 quem
1083 3245 1226 3313 decennio
1248 3248 1331 3333 quasi
1346 3271 1428 3334 opus

325 3363 499 3440 perpetuum
514 3354 630 3438 ingenti
639 3350 738 3417 labore
749 3356 963 3429 construxerat,
978 3348 1075 3413 tribus
1086 3349 1167 3413 horis
1180 3349 1304 3415 fortuito
1319 3350 1424 3416 incen-

326 3457 377 3521 dio
400 3462 596 3540 consumptus
618 3460 672 3519 est.
728 3453 788 3518 Sed
814 3451 903 3518 etiam
924 3452 957 3517 in
979 3451 1167 3537 expeditione
1190 3452 1296 3518 ultima
1321 3460 1427 3521 eontra

326 3558 522 3623 Godefridum
533 3580 633 3641 regem
641 3557 806 3634 Bonorum,
816 3578 974 3641 aggressus
988 3556 1046 3620 iter
1058 3556 1092 3619 in
1106 3578 1221 3635 aurora,
1237 3556 1314 3621 vidit
1326 3556 1424 3623 facem

323 3663 443 3747 igneam
456 3659 618 3745 collapsam
639 3659 755 3724 eoelitus
774 3680 793 3723 a
807 3658 911 3722 dextra
924 3658 957 3721 in
971 3657 1075 3723 laevam
1083 3683 1094 3735 3
1109 3658 1284 3743 cunctisque
1301 3660 1424 3744 signum

324 3762 552 3842 admirantibus,
567 3761 667 3829 subito
681 3785 759 3846 equo
768 3764 833 3847 ejus
843 3760 966 3827 cadente
977 3760 1107 3843 graviter
1126 3760 1247 3826 collisus
1261 3769 1320 3841 est,
1333 3763 1379 3828 ita
1389 3771 1424 3829 ut

321 3867 417 3934 fibula
431 3866 495 3952 sagi
508 3867 576 3952 ejus
593 3872 625 3931 et
647 3864 764 3930 balteus
779 3869 995 3949 rumperentur,
1011 3868 1041 3927 et
1051 3862 1185 3948 jaculum
1199 3862 1237 3928 de
1252 3882 1350 3930 mauu·
1356 3867 1424 3951 ejus

357 4088 379 4150 ‘l
398 4089 546 4143 Recursus
558 4104 593 4140 nr
605 4087 743 4139 Arearum
757 4085 918 4155 enarrarre]
935 4084 992 4136 Our
1004 4083 1100 4136 author
1117 4083 1166 4137 has
1183 4083 1247 4137 here
1265 4084 1380 4138 omitted
1398 4095 1424 4141 to

320 4176 417 4228 inform
430 4192 470 4240 us,
484 4174 542 4228 that
552 4173 587 4227 he
599 4171 717 4227 founded
728 4170 785 4225 also
797 4170 842 4224 the
853 4169 999 4239 university
1012 4170 1043 4222 of
1050 4168 1133 4222 Paris.
