3042 5134
313 452 375 516 loa
737 451 885 516 Rannnrr
909 451 1014 516 Nroar

311 622 391 686 Dani
405 620 443 685 ab
460 619 612 684 Hernulio
626 619 703 684 duee
723 619 755 682 in
771 620 895 704 patriam
917 619 1012 684 redire
1027 618 1174 704 compulsi
1189 626 1270 683 sunt.
1329 619 1414 684 Tunc

311 723 388 787 beati
420 722 545 787 Martini
576 744 684 806 corpus
714 721 748 785 in
771 721 893 786 ecclesia
923 721 1020 784 sancti
1043 721 1189 784 Germani
1209 720 1341 784 locatum
1359 745 1412 806 per

309 824 465 888 innumera
496 823 582 907 signa
614 823 741 906 populos
771 822 951 886 diversarum
982 821 1137 904 regionum
1160 823 1197 886 ad
1220 823 1268 886 sui
1294 845 1414 886 venera-
1513 841 1514 850 ³

310 925 422 988 tionem
465 922 622 988 excitabat.
653 923 814 1007 Quumque
844 923 922 986 inter
956 921 1076 985 clericos
1099 923 1363 986 Antisiodorenses
1385 933 1416 986 et

309 1026 495 1090 annenses
504 1047 557 1108 pro
569 1024 729 1108 partitione
737 1023 922 1088 oblationum
932 1023 969 1086 lis
981 1023 1119 1102 oriretur,
1128 1024 1277 1106 indigenis
1282 1047 1413 1088 asseren-

309 1127 392 1192 tibus
414 1126 534 1191 beatum
550 1126 732 1190 Germanum
755 1148 817 1189 non
836 1124 982 1209 disparem
1005 1125 1068 1190 iore
1089 1124 1177 1189 beato
1199 1126 1333 1190 Martino
1357 1150 1412 1190 nec

309 1227 415 1292 merito
441 1249 496 1292 nec
524 1227 636 1304 officio,
666 1248 720 1310 pro
746 1248 808 1309 quo
838 1227 922 1290 Deus
951 1227 1014 1290 haeo
1043 1227 1129 1310 signa
1159 1235 1343 1311 operaretur,
1375 1230 1413 1292 ad

309 1329 469 1396 laxandum
498 1329 657 1395 dubietatis
687 1329 809 1406 nodum,
838 1329 960 1412 ponitur
988 1329 1067 1394 inter
1088 1329 1216 1394 duorum
1237 1344 1414 1396 sanctornm

309 1453 433 1517 corpora
460 1433 594 1517 leprosus
617 1431 680 1494 'fere
705 1437 905 1513 permortuus
933 1431 983 1513 qui
1014 1438 1132 1514 postera
1158 1432 1206 1496 die
1231 1434 1372 1516 apparuit
1395 1457 1413 1497 a

308 1541 393 1618 parte
414 1534 493 1598 beati
515 1533 640 1597 Martini
661 1555 751 1596 sanus
773 1539 803 1595 ct
824 1531 1010 1616 splendidae,
1033 1540 1152 1616 aparte
1175 1555 1245 1596 vero
1268 1535 1412 1623 Germani

309 1636 398 1700 solita
426 1633 613 1702 deformitate
641 1634 767 1711 luridus,
796 1641 836 1712 et,
866 1656 905 1697 ne
940 1634 1044 1698 darent
1073 1635 1191 1697 eventui
1221 1635 1411 1714 miraculum,

309 1735 468 1800 obvertunt
485 1737 617 1801 Martino
627 1736 710 1799 latus
724 1734 903 1799 morbidum.
935 1735 997 1805 Qui
1010 1736 1144 1820 leprosus
1154 1743 1222 1801 cute
1237 1744 1323 1802 totus
1335 1737 1412 1802 inte-

309 1859 362 1920 ger
376 1843 407 1900 et
420 1837 578 1902 incolumis
592 1859 697 1901 aurora
710 1837 900 1901 illucescente
915 1843 1048 1921 repertus
1064 1843 1118 1902 est.

352 1938 613 2005 VIMLXXIIII.
637 1939 783 2004 Cinorus
792 1939 916 2004 Gnnvus
927 1961 1100 2004 rnnnanvrr
1110 1961 1207 2004 naurs
1217 1942 1408 2006 XXXVIII.

352 2043 490 2126 Regnum
510 2042 690 2106 Francorum
705 2065 722 2106 a
737 2049 833 2104 status
856 2042 903 2106 sui
923 2043 1033 2106 corruit
1054 2042 1231 2106 celsitudine
1255 2043 1294 2108 ab
1316 2045 1411 2108 incar·

308 2144 429 2209 natione
442 2144 567 2208 Domini
589 2167 668 2208 anno
685 2143 808 2208 DGOOo
823 2150 853 2206 et
867 2144 1037 2208 LXXIXo.
1092 2139 1264 2209 Lodovicus
1278 2168 1410 2230 namque

307 2244 389 2309 filius
402 2245 499 2308 Caroli
515 2245 590 2308 calvi
605 2243 702 2308 solum
716 2267 841 2328 regnum
857 2243 989 2310 obtinuit
1003 2246 1195 2310 Francorum.
1253 2247 1409 2312 Floruernt
1513 2261 1514 2322 ἶ

307 2346 462 2430 imperium
478 2347 658 2410 Francorum
674 2346 698 2410 O
714 2345 832 2411 dnobus
847 2346 941 2410 annis.
997 2348 1082 2411 Tune
1098 2347 1264 2432 Baiaorurn
1280 2351 1409 2413 surrexit

307 2470 442 2531 regnunn
474 2448 554 2534 apud
583 2470 657 2530 quos
687 2447 829 2511 hactenns
858 2448 1015 2532 imperium
1046 2455 1162 2513 constat
1193 2450 1407 2514 Romanorum.

307 2549 426 2614 Primus
446 2550 601 2634 imperarit
616 2550 825 2632 Berengarius,
838 2557 908 2634 post
921 2550 1093 2628 LotharinS,
1110 2559 1178 2635 post
1193 2551 1407 2636 Berengarins,

306 2657 375 2734 post
389 2658 448 2715 tres
463 2652 598 2714 Othones
614 2651 664 2714 sed
680 2651 762 2714 Otho
778 2653 890 2736 primns
907 2659 1064 2717 coronatus
1079 2661 1123 2716 est
1138 2653 1169 2716 in
1185 2653 1289 2716 Roma.
1333 2655 1407 2718 Post

307 2752 470 2828 Conradns,
489 2759 558 2835 post
572 2752 632 2814 duo
648 2751 783 2830 Henriei,
806 2761 874 2837 post
889 2753 1059 2831 Lotharins,
1076 2767 1144 2838 post
1161 2755 1321 2832 Henricus,
1339 2764 1407 2840 post

306 2854 470 2931 conradus,
486 2859 555 2936 post
570 2853 742 2917 Frederieus
754 2855 932 2918 XCVIIlus
947 2856 1100 2918 Romanus
1114 2857 1284 2940 imperator,
1301 2880 1406 2921 secun-

306 2954 379 3018 dum
408 2955 585 3018 strietiorem
608 2978 675 3018 vero
698 2956 949 3038 computationem
973 2957 1121 3020 XCIlIus
1143 2959 1247 3040 quiin
1273 2959 1407 3022 Asiatica

306 3056 491 3140 expeditione
505 3057 589 3140 aquis
604 3057 768 3120 suffocatus
783 3064 828 3120 est
843 3070 974 3141 tempore
991 3059 1109 3122 Ricardi
1125 3059 1203 3142 regis
1225 3060 1404 3142 Anglorum.

305 3158 379 3222 Post
401 3159 482 3222 hunc
507 3159 662 3242 imperavit
687 3159 835 3222 Henricus
862 3158 942 3222 filius
969 3160 1041 3243 ejus,
1069 3167 1137 3243 post
1163 3161 1252 3244 eujus
1273 3169 1404 3227 ,mortem

306 3259 383 3323 lacta
411 3268 456 3324 est
480 3260 624 3324 discordia
646 3261 725 3323 inter
746 3261 930 3324 Alemannos
960 3283 1013 3346 pro
1037 3260 1182 3346 electione
1202 3261 1404 3345 imperatorie,

305 3360 376 3424 dum
399 3361 518 3444 quidam
548 3362 690 3445 eligerent
713 3360 820 3424 ducem
851 3362 967 3426 Suaviae
988 3361 1327 3446 iratrem'imperatoriS,
1355 3363 1404 3428 alii

303 3484 373 3525 vero
394 3463 536 3546 eligerent
557 3469 588 3526 et
608 3464 639 3525 in
662 3485 761 3546 regem
784 3463 961 3547 inungerent
984 3464 1134 3528 Othonem
1156 3464 1255 3527 filiurn
1277 3465 1404 3529 Henrici

303 3563 387 3627 ducis
402 3564 547 3641 Saxoniae,
568 3585 604 3627 ac
618 3577 755 3648 nepotem
772 3567 850 3647 regis
871 3565 999 3630 Ricardi.
1054 3567 1227 3630 Frederieus
1240 3567 1404 3650 imperator

302 3667 335 3728 in
357 3666 484 3729 crastino
507 3688 568 3729 suae
589 3669 816 3731 consecrationis
840 3691 941 3751 capere
964 3668 1060 3730 noluit
1081 3667 1247 3731 Adrianum
1278 3670 1403 3753 Papam.

302 3767 447 3846 Fenrporc
468 3767 566 3830 Caroli
585 3768 678 3850 Oapet
701 3769 778 3832 sedit
799 3770 861 3832 Leo
889 3769 1019 3833 VIIIus.
1074 3770 1137 3833 Iste
1159 3769 1221 3833 Leo
1244 3771 1402 3834 conciliato

302 3869 359 3933 sibi
373 3869 702 3953 Constantinopolitano
717 3871 892 3954 imperatore
907 3893 959 3954 per
974 3872 1097 3934 Petrum
1117 3871 1283 3934 Amalsitus
1306 3872 1401 3935 arehi-

302 3972 474 4055 episcopum
508 3978 538 4035 et
573 3971 743 4036 llnbertum
775 3973 862 4036 Silvae
883 3973 1027 4037 Candidae
1059 3973 1232 4056 episcopum
1264 3974 1402 4037 eeclesias

303 4073 475 4146 Graecorum
500 4073 614 4150 clausit,
640 4081 670 4136 et
704 4074 885 4156 Michaelern¹
906 4075 1102 4158 patriarcham
1125 4072 1399 4160 Constantinopoli-
