3042 5134
337 403 399 472 102
753 406 901 476 uenum
914 409 1018 478 Nrcrr

327 574 473 662 paulatim
496 577 562 661 ejus
578 575 660 642 fama
680 579 835 663 personuit
842 605 852 659 3
875 581 1017 666 usquein
1044 580 1307 670 dustricm'super
1330 587 1430 654 Danu·

331 694 425 760 bium.

375 813 486 880 Fuerat
495 822 594 880 autem
604 817 665 882 dux
676 819 809 885 Austriae
820 826 927 906 potens
942 828 972 887 et
982 821 1073 901 dives,
1090 823 1142 908 qui
1154 823 1227 888 olim
1237 826 1270 889 in
1280 823 1431 890 obsidione

329 921 457 998 Aceron,
473 918 548 984 urbe
562 927 657 1007 capta,
667 923 736 1008 jure
752 922 823 987 belli
838 923 980 1008 palatium
997 925 1147 1010 quoddam
1158 929 1329 1011 occupavit.
1357 929 1430 1000 Quia

327 1031 428 1089 tamen
442 1024 595 1110 potentior
608 1025 705 1090 lactus
720 1033 767 1090 est
781 1049 833 1090 rex
848 1027 1026 1112 Anglorum,
1041 1028 1141 1092 minus
1155 1029 1352 1094 laudabiliter
1363 1032 1428 1115 egit.

325 1127 398 1194 Dux
413 1128 514 1213 igitur,
541 1126 709 1214 suspicatus
723 1150 826 1214 regem
838 1129 871 1192 in
894 1137 973 1195 terra
988 1154 1042 1196 sua
1057 1132 1262 1211 transiturum,
1280 1139 1427 1198 scrutatus

325 1237 371 1296 cst
386 1253 464 1311 eum,
479 1238 511 1296 ct
536 1231 661 1310 invenit,
677 1239 709 1296 et
733 1233 865 1298 occidere
891 1233 995 1313 voluit,
1020 1234 1078 1298 nisi
1103 1234 1272 1322 principum
1305 1259 1425 1301 sucrum

325 1334 462 1420 praesidio
500 1335 652 1400 modicum
681 1335 811 1414 sedatus,
850 1337 998 1400 contrusit
1035 1359 1104 1401 cnm
1140 1338 1173 1401 in
1210 1338 1424 1423 captivitatem

324 1439 425 1504 Famae
445 1439 539 1524 igitur
552 1438 663 1502 indicio
683 1438 730 1503 vel
754 1440 843 1504 etiam
857 1439 923 1524 ipso
939 1438 1014 1504 duce
1037 1440 1190 1525 vulgante,
1212 1441 1352 1506 innotuit
1375 1444 1425 1506 im·

323 1543 452 1629 peratori
475 1542 607 1606 Henrico
628 1543 824 1626 interceptum
851 1565 961 1628 regem,
989 1543 1037 1607 cui
1054 1544 1139 1608 variis
1162 1567 1199 1608 ex
1214 1545 1314 1608 causis
1336 1545 1423 1609 infes-

322 1653 374 1709 tus
402 1653 475 1709 erat.
543 1645 710 1729 Imperator
732 1645 827 1729 igitur
852 1645 1000 1710 veteribus
1025 1646 1198 1725 inimicitiis,
1227 1648 1315 1731 quasi
1351 1671 1424 1712 novo

324 1747 393 1812 odio
417 1748 553 1826 formato,
569 1747 686 1811 hostem
707 1747 863 1832 publicum
881 1746 998 1832 imperii
1018 1771 1118 1833 regem
1138 1750 1366 1836 pronunciavit,
1398 1759 1424 1816 et

321 1853 386 1936 regi
399 1849 531 1914 Franciae
546 1851 737 1935 significavit,
750 1851 802 1936 qui
817 1857 847 1915 et
858 1852 951 1915 veteri
966 1859 998 1916 et
1020 1851 1197 1916 inexorabili
1223 1851 1306 1932 odio,
1338 1855 1423 1919 variis

322 1977 360 2018 ex
374 1953 470 2020 causis
485 1954 560 2019 etin
576 1953 693 2020 occulto
708 1961 739 2018 et
761 1957 794 2018 in
818 1953 940 2040 publico
953 1954 1177 2020 inimicissimus
1201 1955 1217 2020 f
1239 1955 1271 2020 't

365 2093 447 2166 Quia
459 2112 531 2158 vcro
544 2093 704 2178 imperator
719 2091 833 2178 dejure
848 2113 903 2156 suo
913 2114 1002 2176 quem
1017 2091 1106 2156 vellet
1120 2091 1307 2177 captivatum
1323 2116 1421 2177 quem·

320 2219 440 2282 cunque
452 2197 485 2262 in
506 2196 630 2280 imperio
644 2196 804 2280 requisitus
817 2195 946 2278 recipere
962 2193 1092 2273 deberet,
1109 2201 1139 2258 ct
1160 2194 1290 2258 maxime
1306 2195 1421 2261 bostem

319 2301 484 2388 publicum,
498 2306 584 2386 parta
597 2306 697 2365 tamen
711 2299 838 2365 latenter
861 2299 956 2362 multa
969 2299 1096 2384 pecunia
1111 2305 1141 2361 et
1156 2296 1313 2362 obsidibus
1339 2300 1421 2377 datis,

320 2405 384 2472 dux
399 2404 529 2470 Austriae
543 2402 650 2467 deinde
664 2423 765 2486 regem
776 2401 949 2486 imperatori
963 2400 1097 2464 tradidit.
1144 2399 1247 2472 Quum
1260 2399 1362 2485 igitur
1372 2425 1419 2466 rex

318 2508 502 2578 Francorum
516 2505 631 2570 audiret
646 2505 728 2588 quod
741 2503 823 2588 apud
836 2505 1043 2588 imperatorem
1057 2525 1111 2566 rex
1123 2503 1243 2588 Angliae
1257 2511 1420 2580 teneretur,

316 2611 414 2674 missis
427 2608 541 2672 nuntiis
553 2606 730 2691 supplicavit
756 2613 903 2691 quatenus
927 2629 1038 2690 regem,
1065 2606 1218 2670 hominem
1235 2629 1338 2684 suum,
1364 2607 1418 2672 sibi

316 2712 495 2786 restitueret,
549 2709 650 2773 Multa
665 2709 901 2799 deindefllicitata
913 2716 958 2774 est
973 2711 1118 2794 pecunia;
1138 2716 1287 2793 quatenus
1303 2717 1420 2796 accepta

313 2812 439 2898 pmuuia
452 2813 630 2896 imperatori,
646 2833 698 2876 rex
712 2811 831 2895 Angliae
846 2811 986 2898 Philippo
1001 2812 1065 2896 regi
1079 2811 1254 2889 traderetur,
1270 2834 1307 2876 ut
1337 2814 1415 2879 duri-

316 2917 361 2982 ori
377 2937 465 2982 cuusa
479 2914 637 2980 restitutus
653 2921 796 2979 ureretur.
841 2914 1008 2980 Intervenit
1024 2916 1103 2980 enim
1117 2915 1308 3000 imperatoris
1330 2916 1417 2982 clem·

316 3020 405 3097 entia,
433 3018 581 3104 quatenus
593 3024 679 3104 parte
693 3019 830 3104 petuma,
847 3024 878 3082 et
893 3018 970 3082 datis
986 3018 1107 3083 demum
1122 3017 1280 3083 obsidibus
1296 3029 1328 3083 et
1351 3043 1418 3085 con·

314 3122 506 3189 ventionibus
520 3122 594 3200 aliis,
609 3123 708 3186 rciusa
722 3122 820 3206 aliqua
835 3143 872 3184 ex
887 3128 969 3205 parte
983 3123 1110 3206 pecunia
1125 3144 1175 3186 rex
1191 3121 1314 3186 demum
1330 3123 1417 3188 liber-

311 3233 419 3295 aretur.
466 3225 625 3309 Philippus
640 3225 734 3308 igitur
746 3246 798 3288 rex
812 3223 996 3288 Francorum
1012 3224 1095 3288 nullo
1110 3230 1197 3308 pacto
1224 3225 1415 3310 imperatoris

312 3328 445 3392 obtinere
460 3328 558 3410 potuit
572 3349 671 3410 regem
687 3327 814 3412 Angliee,
840 3327 892 3412 qui
906 3334 1006 3392 tamen
1021 3327 1156 3392 nondum
1171 3327 1270 3393 soluta
1286 3332 1416 3414 pecunie

313 3429 347 3494 iu
361 3430 534 3513 captivitate
548 3436 708 3494 teneretur.

355 3547 458 3612 Veteri
471 3547 565 3630 igitur
578 3553 609 3611 et
622 3548 800 3613 inexorabili
814 3549 884 3614 odio
899 3550 1061 3634 instigatus
1078 3573 1130 3614 rex
1145 3549 1319 3635 Philippus,
1336 3552 1418 3616 nulla

310 3651 406 3716 crucis
420 3654 473 3713 aut
486 3649 557 3714 fidei
573 3650 714 3736 religione
729 3653 877 3730 detentus,
893 3653 970 3717 fines
984 3654 1141 3738 regionum
1158 3653 1279 3718 Ricardi
1295 3656 1417 3733 invasit,

311 3760 341 3819 ct
356 3752 500 3816 marchias
525 3760 668 3818 terrarum
696 3777 798 3820 carum
827 3755 964 3841 pluribus
986 3757 1018 3820 in
1033 3757 1107 3822 locis
1131 3757 1269 3836 confecit,
1287 3757 1417 3824 doneca

309 3855 451 3922 fidelibus
466 3855 643 3940 quibusdam
658 3858 777 3926 Ricardi
791 3861 870 3945 regis
885 3867 971 3926 nacta
987 3861 1114 3945 quadam
1138 3861 1313 3927 conditione
1329 3864 1416 3929 indu·

310 3959 423 4023 ciarum
438 3958 514 4022 datis
529 3958 656 4023 castellis
671 3982 738 4045 quce
764 3962 864 4045 elegit,
889 3963 1010 4028 interim
1037 3964 1197 4048 Philippus
1212 3986 1265 4029 rex
1291 3966 1415 4050 quievit.

311 4061 403 4126 Pacta
426 4061 519 4144 igitur
542 4061 724 4128 redemtione
739 4063 857 4130 Iticerdi
873 4067 952 4152 regis
975 4067 1054 4154 apud
1082 4069 1292 4153 imperatorem
1310 4069 1419 4135 Hemi-
