3042 5134
515 367 704 463 Cunonreon
719 363 745 459 Ι
1153 369 1192 432 81

140 537 190 606 un
205 542 280 608 Otto
289 545 454 630 imperator.
482 541 612 626 Hugona
626 538 805 604 Francorum
816 560 884 624 rege
899 551 1026 619 mortuo,
1041 537 1190 605 Robertus

94 646 181 715 filius
197 648 262 734 ejus
276 650 409 734 regnavit
424 644 590 712 XXXIIII
605 643 700 708 annis.

142 768 245 834 Romae
275 769 436 854 Gregorius
460 766 538 832 sedit
563 771 593 832 et
618 772 686 850 post
710 786 777 830 eum
803 763 968 843 Johanues,
997 763 1186 855 Gerebertus,

93 871 246 950 Silvester,
271 873 424 959 Agapitus,
449 871 651 938 OXLIIIIos.
695 869 755 936 Hic
772 891 839 934 voro
864 870 1032 937 eximitura
1054 871 1187 955 catalogo

93 977 338 1060 Apostolicorum
365 977 504 1043 virorum.
552 974 619 1038 Hoc
633 981 765 1058 tempere
799 973 917 1058 quidam
942 976 1122 1060 peregrinus,
1150 975 1187 1041 de

94 1079 311 1166 Hierosolymis
327 1080 456 1158 veniens,
472 1078 573 1146 docuit
589 1077 732 1161 quendam
756 1077 905 1142 inclusum
930 1077 1075 1164 hospitem
1097 1102 1185 1144 suum

93 1185 129 1248 in
160 1183 268 1261 Sicilia,
295 1184 406 1249 animas
431 1183 564 1268 torqueri
588 1183 620 1246 iu
650 1181 716 1246 ollis
742 1181 878 1260 Vulcani,
906 1205 972 1266 qun
1001 1183 1184 1248 orationibus

94 1287 336 1354 cluniacensium
351 1287 520 1372 frequenter
535 1285 719 1350 eruebantur.
752 1285 842 1350 Unde
857 1285 958 1351 Abbas
973 1286 1061 1350 Odilo
1077 1289 1186 1352 cousti-

95 1393 158 1458 tuit
173 1399 207 1456 ut
222 1392 252 1456 in
263 1391 390 1457 secunda
404 1391 475 1455 leria
488 1399 557 1476 post
567 1391 675 1454 festum
686 1389 831 1454 Omnium
844 1390 1028 1469 Sanctorum,
1045 1391 1187 1456 habeatur

95 1496 239 1560 memoria
268 1495 473 1560 defunctorum
503 1494 633 1558 celebris.
688 1493 750 1564 Qui
779 1495 854 1560 ritus
883 1495 999 1560 transiit
1027 1497 1059 1560 iu
1084 1495 1185 1560 orbem

94 1610 249 1696 terrarum.
274 1601 347 1665 Otto
368 1600 533 1686 imperator,
556 1599 657 1664 Rome
679 1599 750 1664 dum
774 1607 874 1685 ageret
895 1600 932 1664 de
954 1607 1033 1667 statu
1048 1600 1187 1664 Ecclesia

92 1713 126 1771 et
150 1707 271 1792 Imperii
293 1707 463 1792 reparando,
480 1705 616 1770 obsessus
632 1706 749 1790 palatio,
766 1709 817 1772 vix
831 1707 933 1786 evasit,
949 1717 979 1772 et
993 1716 1127 1773 mortuus
1142 1719 1187 1772 est

93 1819 201 1894 postea
228 1811 260 1874 iu
287 1809 472 1874 Lombardia.
527 1810 583 1875 Oui
611 1809 758 1875 chricus
789 1812 850 1875 dux
881 1811 1022 1878 Baioariae
1045 1813 1187 1878 successit

92 1913 188 1998 raptis
213 1914 347 1998 insigniis
362 1913 509 1998 regalibus
527 1913 563 1978 de
579 1936 668 1978 mann
695 1913 863 1993 Hilleberti,
888 1916 1070 1981 Coloniensis
1095 1917 1188 1982 archi-

96 2017 237 2104 episcopi,
253 2027 284 2082 ct
297 2018 451 2103 imperavit
465 2018 549 2082 annis
565 2017 640 2083 XII.

141 2139 245 2205 Romae
267 2138 344 2204 sedit
359 2138 510 2204 iohannes
534 2122 683 2204 CXLVus
709 2146 821 2226 etpost
836 2163 904 2206 eum
929 2140 1081 2206 Jobannes
1105 2141 1188 2207 alins.

98 2241 250 2309 Henrioue
259 2265 361 2306 omues
376 2242 507 2308 celeriter
517 2241 657 2308 rebellare
671 2244 803 2308 volentes
813 2244 929 2309 devicit.
945 2244 1067 2308 Mortuo
1075 2244 1187 2310 Ottoue

94 2349 172 2414 duce
187 2347 398 2432 bothariugiee,
409 2347 495 2412 datur
510 2347 634 2415 ducatus
649 2347 750 2414 comiti
768 2347 939 2426 (indeindc,
954 2347 1017 2412 lilio
1033 2348 1188 2414 Godelridi

95 2451 247 2518 Ardeniae.
274 2451 378 2516 Fames
402 2461 432 2516 et
455 2451 617 2518 mortalitas
642 2451 829 2534 invaluerunt
843 2474 895 2537 per
921 2449 1030 2516 orbem·
1068 2449 1188 2536 Sergius

93 2556 200 2620 Roma
213 2554 360 2640 praesidet,
377 2561 482 2640 etpost
493 2577 560 2620 eum
575 2555 765 2622 Benedictus,
799 2555 881 2620 Gens
895 2555 1102 2638 Huugarorum
1117 2579 1187 2622 con·
1263 2594 1268 2602 ·

93 2661 220 2726 vertitur
230 2658 268 2724 ad
279 2659 382 2724 Fidem
391 2682 444 2745 per
459 2659 578 2738 Gillam,
598 2682 726 2724 sororem
737 2659 930 2745 imperatoris,
940 2667 1063 2746 nuptam
1079 2661 1188 2728 Sancto

94 2763 276 2848 stephanor
298 2763 361 2846 regi
376 2785 485 2828 eornm.
509 2762 657 2828 Henrieus
678 2763 711 2826 iu
722 2763 929 2847 imperatorem
944 2761 1136 2841 benedicitur,
1159 2773 1190 2832 et

92 2865 291 2932 Godclridnm
311 2866 449 2930 comitem
481 2866 575 2930 mittit
597 2873 702 2931 contra
725 2865 892 2930 Gerardum
912 2866 1100 2932 infestantem
1131 2866 1188 2932 im-

92 2970 219 3056 perium.
249 2968 396 3033 Hearicus
425 2975 455 3034 et
484 2967 641 3048 Robertus,
681 2989 735 3033 rex
765 2970 954 3047 Francorum,
994 2970 1185 3042 conveniunt,

90 3073 187 3140 acturi
202 3072 240 3136 de
255 3079 334 3136 statu
348 3072 487 3139 Ecclesiae
503 3079 533 3136 et
547 3073 669 3158 Imperii
683 3079 714 3140 et
728 3071 833 3158 Regni.

147 3193 189 3258 Et
206 3193 364 3278 imperator
387 3193 544 3278 magnilica
559 3215 658 3278 regem
673 3201 703 3258 et
718 3215 816 3258 serres
833 3195 1005 3258 muneravit.
1038 3192 1188 3260 Henrieus

92 3297 230 3376 moritur,
246 3307 276 3360 et
299 3295 490 3360 substituitur
513 3297 540 3360 ei
564 3297 726 3376 Comedus,
739 3299 766 3376 il
780 3304 810 3362 et
836 3297 990 3384 imperavit
1016 3297 1074 3362 XV
1090 3299 1185 3364 annis.

92 3400 248 3466 Conradus
262 3399 361 3464 lilium
375 3421 461 3464 snum
471 3400 567 3465 adhuc
577 3423 702 3486 puerum
718 3401 887 3466 sublimavit
897 3400 1002 3488 Aquis·
1016 3404 1029 3486 ΙΙ
1054 3401 1184 3467 Roberto

92 3678 208 3733 consiste
227 3678 256 3730 in
269 3695 303 3729 nn
323 3675 509 3748 accidentallty
529 3675 560 3728 ol
569 3676 613 3728 tha
625 3693 722 3746 proper
733 3693 835 3741 names,
849 3678 914 3731 each
927 3677 1111 3748 commeneing
1123 3677 1185 3731 with

92 3766 137 3818 the
149 3764 229 3818 letter
242 3765 275 3816 R.
331 3763 357 3816 lt
369 3781 430 3833 may
442 3765 475 3816 be
490 3763 609 3816 imitated
621 3763 648 3816 in
663 3763 774 3834 English
790 3765 850 3818 thus
863 3784 869 3818 :

346 3851 380 3890 He
389 3851 456 3890 rolled
467 3852 521 3890 from
530 3851 621 3890 Rhelnm
628 3853 650 3889 to
661 3851 779 3899 Ravennae,

345 3917 395 3957 And
404 3918 454 3956 then
465 3918 532 3957 rolled
540 3921 563 3957 to
571 3917 607 3958 the
616 3917 701 3957 Roman
714 3927 756 3966 aee,

347 3984 390 4032 Oh,
396 3985 556 4034 whatnrolliuss
563 3995 629 4034 regua
638 3995 681 4026 was
691 3987 729 4026 usa

128 4074 141 4133 1
158 4070 267 4124 Seuero
278 4067 438 4141 Srurasne]
457 4069 514 4122 The
524 4069 581 4124 first
592 4069 704 4206 kinlglof
715 4070 854 4141 Hungary,
870 4088 893 4123 r.
910 4090 934 4123 n.
949 4075 1026 4125 1002.
