3042 5134
303 457 364 522 168
721 446 865 516 Rsnruuu
891 449 994 516 Nroru

302 627 462 716 majestatis
474 623 599 709 punivit.
635 619 776 686 uestes
791 621 924 686 omnium
939 641 1013 704 quos
1028 639 1101 682 arus
1116 641 1187 684 suus
1202 617 1359 695 extulerat,
1372 631 1404 684 et

303 737 356 820 qui
370 735 398 798 ei
412 733 444 795 in
455 726 620 812 subigenda
634 724 744 809 Anglia
754 731 925 789 constanter
937 720 1118 790 adsistebant
1128 729 1271 805 cognatos
1283 743 1404 806 quoque

301 858 371 902 suos
394 854 483 918 quam
497 828 614 913 aspides
628 848 733 890 erosos
748 824 862 890 habuit.
905 826 1069 908 Gornrptor
1082 823 1235 907 pudicitiae
1261 832 1292 887 et
1315 845 1404 886 avum

302 958 428 1022 sequens
441 935 474 997 in
488 930 620 1015 flagitiis,
635 929 731 1014 primo
745 929 779 994 in
794 949 928 1012 sponsas,
947 933 1015 1012 post
1029 926 1061 990 in
1076 925 1153 990 filias
1168 947 1326 1010 procerum
1337 925 1405 990 ille·

303 1037 404 1104 cebras
418 1055 564 1109 exercens,
580 1030 726 1095 wusortia
734 1029 889 1094 homiuum
902 1027 1062 1104 declinans,
1074 1026 1259 1112 huticetissset
1273 1027 1406 1112 scopulis

304 1140 392 1206 inviis
411 1160 443 1202 se
459 1157 538 1220 saepe
560 1132 735 1217 deperdidit,
755 1130 834 1194 lilios
859 1129 894 1194 ad
911 1129 988 1193 idem
1004 1130 1142 1192 invitans.
1196 1129 1353 1214 Reginam,
1370 1137 1406 1193 ut

301 1241 424 1306 liberius
440 1237 553 1322 stupris
567 1241 693 1312 vacaret,
709 1254 764 1318 pro
781 1255 840 1316 qua
854 1230 957 1296 crebro
974 1232 1109 1316 Satyrion
1126 1231 1249 1315 accepit,
1265 1232 1297 1294 in
1315 1231 1405 1296 domo
1516 1305 1517 1314 χ

301 1342 427 1408 carcaria
441 1339 572 1404 inclusit.
617 1335 704 1401 Nulli
719 1335 811 1398 fidem
826 1356 955 1410 servans,
970 1334 1074 1397 iratres
1090 1334 1194 1398 misere
1209 1334 1301 1396 vitam
1316 1334 1406 1398 finire

301 1445 409 1530 coegit,
418 1438 752 1507 immemorsacramenti
769 1436 892 1520 praestiti
903 1441 1047 1520 praesente
1061 1437 1153 1519 patris
1163 1458 1294 1521 corpore.
1308 1438 1406 1502 Nullo
1517 1483 1518 1504 2

301 1553 419 1632 qusestu
440 1544 573 1618 satiatus,
598 1539 715 1606 abolitis
745 1539 877 1621 antiquis
900 1537 1026 1620 legibus,
1050 1537 1176 1620 singulis
1200 1539 1286 1602 arinis
1311 1561 1405 1604 novas

301 1650 392 1732 leges,
409 1645 598 1731 quaenesisas
612 1641 736 1714 vocavit,
756 1639 859 1702 edidit.
905 1637 1130 1721 Danegheldnm
1151 1639 1265 1705 avitum
1280 1640 1405 1704 innova-
1518 1705 1519 1736 ,

301 1751 354 1814 vit.
410 1747 430 1809 J
433 1746 585 1810 udaeorum
599 1743 697 1825 legem
712 1741 938 1805 christianismo
953 1741 1124 1825 praeposuit,
1141 1749 1170 1806 et
1185 1742 1227 1804 eis
1242 1742 1407 1806 succedens

301 1872 406 1916 usuras
421 1846 565 1932 capiendo
576 1844 730 1929 judizavit.
791 1842 954 1928 Episcopos
969 1849 1073 1906 contra
1095 1843 1189 1906 iidem
1204 1843 1405 1908 orthodoxam
1519 1848 1520 1922 l

297 1954 401 2038 jurare
422 1947 610 2032 compellens,
634 1944 756 2008 clericos
780 1945 816 2008 ad
841 1944 995 2026 sauguinis
1018 1944 1175 2028 judicium,
1201 1951 1231 2008 et
1255 1945 1406 2028 duplicem

305 2051 511 2117 contritionem
538 2047 684 2112 attrahere
710 2067 828 2130 operam
864 2045 954 2110 dedit.
999 2045 1134 2130 Expulso
1164 2045 1251 2110 beato
1281 2046 1408 2124 Thoma,

304 2151 539 2236 consanguineos
553 2149 618 2234 ejus
631 2157 663 2212 et
677 2147 899 2211 commessarios
915 2147 1096 2231 proscripsit.
1140 2146 1213 2230 lpso
1226 2147 1260 2211 in
1283 2149 1408 2213 ecclesia

304 2254 471 2328 interiecto,
486 2248 748 2336 persequutoribus
759 2249 823 2333 ejus
837 2249 1035 2332 patrocinium
1050 2249 1198 2332 praestitit,
1214 2248 1306 2314 laicos
1322 2273 1407 2334 apos-

305 2362 401 2420 tatare
415 2352 568 2437 compulit.
612 2351 634 2413 J
636 2358 738 2414 uratur
753 2373 784 2414 se
799 2349 856 2412 tria
870 2349 1049 2414 monasteria
1063 2358 1314 2430 constructurum,
1332 2353 1408 2416 duos

311 2457 429 2521 ordines
452 2453 633 2529 transvertit,
656 2474 795 2536 personas
811 2448 847 2514 de
862 2451 927 2515 loco
942 2450 980 2514 ad
994 2450 1094 2514 locum
1109 2451 1299 2530 transferens,
1314 2473 1407 2517 merc·

306 2557 394 2622 trices
408 2555 480 2620 alias
506 2554 580 2632 aliis,
603 2552 837 2617 Cenomannicas
858 2553 967 2635 Anglis
987 2552 1179 2616 substituens.
1242 2558 1361 2620 Aurum
1377 2562 1409 2618 et

306 2665 463 2742 argentum
482 2654 539 2720 sub
563 2655 624 2719 voti
647 2661 794 2738 praetextu
817 2653 850 2716 in
865 2660 986 2717 truncos
1002 2655 1158 2732 convertit,
1175 2654 1211 2717 de
1226 2655 1288 2718 XX
1304 2655 1407 2720 solidis

307 2759 383 2822 duos
398 2758 532 2822 denarios
547 2763 733 2839 extorquens,
750 2763 780 2818 et
795 2756 826 2818 in
841 2755 898 2819 hoo
913 2755 1027 2820 lacinus
1042 2778 1141 2840 regem
1156 2757 1339 2822 Francorum
1361 2759 1407 2822 iu-

306 2858 402 2932 duxit,
412 2858 490 2920 sicut
504 2864 534 2920 et
546 2858 659 2920 cunctis
670 2857 854 2941 principibus
863 2857 1065 2920 Cluistiauum
1074 2880 1182 2922 nomeu
1192 2858 1407 2943 profitentibus

308 2968 411 3024 auctor
433 2958 503 3022 mali
518 2964 548 3020 et
561 2959 709 3042 exemplar
723 2958 850 3022 inauditi
864 2958 923 3022 luit
943 2958 1058 3042 flagitii.
1106 2960 1352 3044 Consanguiueos
1375 2962 1409 3025 in

305 3061 394 3126 tertio
408 3059 504 3144 gradu
518 3059 698 3144 conjungere
710 3082 774 3123 mos
784 3061 827 3124 illi
840 3060 1053 3124 celeberrimus.
1066 3061 1259 3146 Corruptusa
1276 3061 1410 3128 Ricardo

307 3163 526 3247 archiepiscopo
541 3171 687 3226 monetam
700 3164 848 3247 corrumpi
859 3163 1000 3246 permisit,
1012 3172 1197 3248 corruptores
1212 3166 1331 3230 taudem
1343 3189 1408 3230 sus-

308 3265 417 3349 pendio
434 3265 573 3328 decedere
583 3265 769 3348 compellens.
785 3264 901 3328 Avibus
919 3265 993 3342 coeli,
1010 3264 1141 3348 piscibus
1155 3266 1326 3344 fluminum,
1344 3267 1408 3330 bes-

310 3367 360 3431 tiis
375 3374 460 3430 terrae
482 3368 699 3430 immunitatem
717 3367 799 3432 dedit
813 3374 843 3430 et
859 3375 922 3430 sata
939 3389 1101 3450 pauperum
1115 3369 1180 3432 loca
1195 3391 1313 3453 pasouae
1328 3369 1407 3433 iecit

310 3467 435 3532 Causam
445 3466 517 3530 lidei
531 3467 608 3532 laesae
622 3477 653 3531 et
674 3463 873 3532 advocationis
886 3469 1073 3536 ecclesiarum
1089 3470 1120 3533 in
1136 3471 1216 3534 curia
1228 3471 1325 3536 decidi
1339 3493 1412 3536 con·

311 3568 418 3632 stituit.
435 3568 597 3632 illectionis
608 3571 659 3654 jus
673 3570 715 3633 ita
731 3571 874 3648 delinivit,
891 3571 971 3654 quod
988 3579 1051 3635 toto
1072 3573 1117 3636 sui
1135 3575 1220 3656 regui
1244 3574 1339 3658 spatio
1357 3595 1411 3638 neo

312 3691 389 3734 uuus
418 3691 455 3732 ex
476 3671 605 3734 millibus
635 3675 775 3737 canonice
805 3675 844 3738 sit
872 3683 1033 3758 promotus.
1083 3676 1200 3760 Vulgus
1235 3677 1410 3742 insudatum

310 3773 447 3838 manibus
482 3782 512 3837 et
551 3775 675 3859 pedibus
714 3778 872 3842 truncavit.
944 3778 1073 3843 Comites
1112 3787 1142 3843 et
1183 3781 1336 3864 episcopos
1378 3781 1411 3844 in

312 3879 484 3940 servitutem
499 3877 643 3956 fossandi,
659 3885 689 3941 et
704 3887 877 3943 caeterorum
893 3901 1016 3964 operum
1030 3881 1178 3944 servilium
1195 3882 1302 3965 coegit.
1345 3882 1411 3946 Tri·

312 3977 447 4041 butarius
463 3979 581 4058 exteris,
597 3980 629 4043 in
645 3981 821 4044 domesticos
836 3981 944 4066 praedo.
978 3983 1135 4067 Scutagiis,
1146 3983 1412 4067 recognitionibus,

315 4085 346 4151 ct
361 4079 448 4143 variis
463 4082 648 4163 angariarum
664 4081 863 4147 alluvionibus
872 4083 931 4146 iere
941 4105 1042 4147 omnes
1058 4083 1209 4170 depressit.
1256 4084 1354 4152 Omne
1362 4086 1412 4170 jue
