3042 5134
579 556 773 621 Cuuoumorr
796 554 824 619 Ι.
1205 556 1224 614 9

172 725 357 813 Mageddon,
383 731 414 791 et
444 725 597 792 Adremon
622 726 746 811 planxit,
774 732 806 791 et
831 723 986 803 Jeremias,
1011 721 1225 790 lamentatione

127 887 134 898 .
172 831 252 894 iacta
268 830 323 894 sub
338 828 524 914 quadruplici
540 828 706 915 alphabeto.

217 932 477 1017 Prophetavenrnt
489 931 663 1014 sophonias,
676 930 697 994 J
698 931 830 1009 eremias,
841 936 871 994 et
881 929 959 994 Olda
966 930 1083 994 mulier.
1128 929 1226 1014 Super

172 1035 286 1100 dudam
309 1057 408 1098 nonus
444 1034 585 1112 decimus,
616 1033 773 1110 Joachath,
803 1055 856 1118 per
890 1038 951 1096 tres
980 1054 1106 1111 menses,
1136 1054 1227 1118 quem

172 1137 328 1202 transtulit
357 1137 472 1200 Pharao
501 1137 533 1200 in
562 1135 739 1220 AEgyptum,
770 1134 956 1199 substituens
984 1134 1107 1198 iratrein
1135 1155 1223 1197 auum

174 1239 333 1316 Eliachim,
350 1238 402 1322 qui
427 1244 458 1302 et
483 1237 631 1302 Joachim.
677 1236 740 1307 Qui
763 1237 899 1320 regnavit
916 1239 954 1299 11
982 1236 1079 1300 annis.
1124 1235 1224 1305 Quem

177 1341 439 1425 Nabugodoncsor
453 1338 643 1406 tributarium
654 1339 735 1404 iecit.
781 1339 821 1402 In
834 1337 997 1422 Babylonia
1016 1338 1087 1402 clari
1105 1337 1229 1402 inerunt

175 1442 285 1507 Daniel
299 1449 329 1505 et
343 1442 415 1505 socii
428 1442 503 1526 ejus.
549 1440 645 1525 Super
664 1440 683 1503 J
688 1439 778 1503 udam
799 1439 947 1517 Joachim,
962 1439 1043 1503 iilius
1063 1439 1227 1516 dechoniae,

178 1545 344 1621 vicesimus,
355 1543 407 1628 qui
418 1550 487 1627 post
496 1549 556 1606 tres
565 1564 679 1606 menses
692 1548 806 1626 captus,
820 1542 928 1606 ductus
937 1548 983 1605 est
992 1542 1026 1604 in
1035 1540 1229 1627 Babylonem.

143 1649 145 1652 ’
177 1646 254 1710 Post
266 1668 335 1710 eum
351 1645 505 1710 vicesimus
519 1645 633 1729 primus
649 1642 665 1708 ai
681 1644 846 1722 Salamone,
862 1643 1020 1708 sedechias
1034 1644 1176 1728 regnavit
1189 1647 1228 1707 ll

175 1749 273 1813 annis.
319 1747 381 1817 Qui
412 1746 560 1824 obsessus,
589 1753 679 1830 rupto
709 1767 795 1809 muro
826 1745 955 1830 fugiens,
984 1745 1167 1830 interceptus
1195 1746 1230 1808 in

177 1851 290 1936 campis
312 1849 516 1927 Jericontinis,
532 1848 683 1933 judicatus
701 1849 795 1911 estin
815 1847 965 1912 Riblatha.
1009 1846 1110 1926 Unde,
1126 1848 1230 1911 occisis

174 1953 248 2018 iiliis
270 1953 335 2038 ejus
350 1973 447 2016 coram
468 1973 512 2030 eo,
527 1951 600 2036 ipse,
616 1949 748 2034 privatus
767 1948 942 2029 luminibus,
957 1949 1113 2014 traductus
1135 1950 1227 2014 estin

178 2054 373 2139 Babylonem.

222 2157 299 2222 Haec
312 2157 355 2220 ita
370 2155 407 2219 de
426 2155 548 2240 regibus
562 2153 582 2217 J
586 2154 666 2219 udah
686 2160 716 2218 et
730 2152 834 2232 Israel,
857 2154 1023 2220 secundum
1048 2177 1143 2219 unum
1167 2155 1228 2219 hia-

175 2259 412 2344 toriographum,
427 2256 594 2322 intercalari
616 2256 823 2320 vicissitudine
845 2257 1011 2341 posuimus.
1057 2256 1138 2327 Quia
1159 2279 1230 2322 vero

177 2383 284 2446 regum
302 2361 391 2424 series
411 2359 576 2423 secundum
595 2359 818 2422 successionum
838 2358 973 2423 ordinem
995 2359 1136 2443 utrinque
1157 2381 1229 2423 con·

177 2464 304 2540 tinuata,
332 2462 426 2546 liquet
441 2461 617 2538 evidentius,
648 2460 812 2524 secuudum
841 2460 932 2524 aliam
957 2460 1231 2546 historiographum

176 2565 298 2630 ordines
313 2586 415 2628 eorum
430 2562 599 2627 dividimus.
644 2561 737 2625 Venit
751 2563 831 2626 enim
846 2562 929 2647 origo
946 2561 1099 2627 divisionis
1114 2585 1132 2628 a
1147 2563 1230 2628 Salo-

178 2689 277 2746 mone,
302 2666 351 2730 cui
368 2687 458 2750 super
475 2664 587 2728 dudam
607 2665 747 2728 successit
766 2662 912 2744 Roboam,
933 2665 1016 2729 iilius
1036 2667 1110 2751 ejus,
1126 2670 1231 2730 contra

179 2791 270 2855 quem
284 2767 437 2832 rebellavit
451 2765 472 2830 J
474 2764 609 2830 eroboam
626 2787 727 2830 servus
742 2767 816 2850 ejus,
832 2773 863 2830 et
874 2766 976 2831 decem
990 2767 1088 2832 tribus
1107 2766 1233 2832 abstulit

179 2872 217 2949 ei,
225 2871 307 2956 justo
323 2869 380 2934 Dei
389 2868 503 2954 judicio
517 2873 639 2952 propter
652 2875 773 2952 peccata
789 2868 964 2948 Salomonis,
974 2869 1027 2953 qui
1041 2891 1135 2954 quum
1144 2870 1232 2933 Tem-

177 2974 264 3060 plum
278 2971 462 3047 aedificasset,
479 2970 555 3033 etin
576 2968 724 3047 omnibus,
741 2991 926 3054 quaecunque
941 2971 1068 3051 volebat,
1090 2993 1231 3057 prospere

179 3075 300 3159 egisset,
313 3093 474 3136 conversus
489 3084 535 3134 ese
550 3070 587 3134 ad
601 3070 808 3150 idololatriam,
824 3072 982 3136 mulierum
997 3073 1232 3159 alienigenarum

180 3178 278 3242 victus
292 3173 447 3239 illecebris.
492 3173 597 3238 Diviso
605 3173 699 3257 igitur
709 3195 811 3257 regno,
824 3174 891 3238 duae
902 3173 999 3239 tribus
1010 3183 1041 3240 et
1049 3176 1174 3240 dimidia
1185 3199 1231 3240 re-

181 3283 355 3344 manserunt
365 3275 519 3353 Roboam3
535 3275 656 3358 reliquae
667 3274 855 3340 adhaeserunt
864 3276 1033 3341 Jeroboam.
1065 3277 1128 3348 Qui
1143 3284 1234 3363 capnt

179 3381 267 3466 regni
290 3380 337 3442 sui
352 3378 537 3443 constituens
558 3377 729 3455 Samariam,
744 3379 891 3442 convertit
905 3401 956 3443 eos
974 3379 1013 3442 ad
1026 3379 1233 3458 idololatriam,

180 3506 219 3548 ne
245 3481 375 3545 redirent
389 3479 426 3543 ad
440 3479 597 3563 Templum
612 3479 645 3542 in
660 3479 835 3544 Jerusalem.
882 3480 986 3551 Quum
996 3505 1065 3548 vero
1076 3482 1233 3547 hareditas

180 3585 306 3651 Domini
320 3581 414 3646 Israel
428 3587 483 3658 est,
504 3581 537 3643 in
560 3587 687 3663 utroque
710 3580 823 3664 populo
846 3581 1000 3666 propheta
1022 3583 1155 3661 luerunt,
1181 3585 1232 3667 qni

176 3695 238 3752 tam
252 3683 396 3769 populum
407 3683 426 3746 J
429 3682 488 3746 uda
500 3704 588 3765 quam
603 3681 748 3767 populum
757 3681 850 3746 Israel
861 3704 915 3766 per
924 3683 1005 3768 ipsos
1013 3685 1231 3769 corripuerunt.

222 3789 297 3852 Post
308 3786 329 3848 J
330 3784 467 3848 eroboam
476 3784 568 3869 igitur
582 3784 716 3868 regnavit
729 3784 761 3846 in
777 3785 908 3850 Samaria
919 3785 1000 3850 iilius
1013 3787 1078 3872 ejus
1089 3785 1232 3866 Nabath3

177 3894 292 3976 etpost
313 3908 381 3951 eum
403 3886 528 3964 Baasha,
548 3885 599 3968 qui
619 3884 767 3949 destruxit
787 3886 909 3952 domum
932 3887 1102 3953 Jeroboam.
1148 3889 1231 3953 Huic

179 3989 323 4056 successit
338 3986 397 4050 Ela
415 3987 497 4050 iilius
514 3987 588 4071 ejus,
604 4009 692 4070 quem
713 3986 809 4051 Zamri
832 3989 951 4068 occidit,
977 3997 1008 4053 et
1029 3989 1150 4053 domum
1175 3991 1234 4054 Ba·

178 4093 251 4158 asha
265 4089 384 4154 delevit.
428 4089 504 4153 Post
524 4089 620 4152 Zamri
634 4089 770 4173 regnavit
784 4091 879 4168 Amri,
894 4097 926 4154 et
940 4098 1008 4175 post
1025 4113 1092 4155 eum
1105 4091 1172 4155 Aab
1187 4094 1235 4157 vel

180 4192 296 4260 Achab.
357 4189 420 4254 Sub
436 4212 495 4274 quo
512 4190 615 4254 Helias
640 4191 787 4276 propheta
800 4191 908 4256 coelum
918 4191 1040 4271 clausit,
1055 4201 1085 4257 et
1100 4193 1233 4258 sacerdo-

181 4307 226 4360 tes
251 4293 326 4359 Baal
352 4291 470 4356 occidit.
517 4291 600 4356 Huic
621 4293 765 4440 suecepsit
787 4292 932 4357 Ochozias
957 4295 1040 4359 filius
1065 4295 1139 4378 ejus,
1160 4302 1190 4360 et
1211 4297 1238 4360 ei
