3042 5134
549 429 739 500 Cuucxrcou
760 431 805 506 IL
1041 495 1042 498 ,
1165 431 1225 496 lus

128 607 233 666 tanum
257 620 275 664 a
296 599 391 683 gratia
412 607 442 664 et
464 599 573 684 palatio
595 599 786 684 Imperatoris
811 606 944 664 amotum
967 599 1227 666 anathematizavit

126 727 181 789 pro
213 702 416 767 immolatione
438 703 584 766 fermenti.
631 701 715 766 Sedit
752 703 816 767 Leo
847 702 942 781 IXus,
975 703 1028 788 qui
1049 704 1076 767 L
1100 727 1226 768 canones

126 806 331 890 apostolorum
366 806 507 890 suscepit.
575 806 719 889 Tempore
760 803 884 870 Henrici
924 807 1110 891 imperatoris
1147 807 1224 872 sedit

124 908 296 972 Alexander
324 909 406 985 IIus,
441 909 493 992 qui
530 909 598 992 plus
629 907 769 972 omnibus
790 909 918 972 Infestus
950 916 1013 972 erat
1046 907 1225 995 presbyteris

123 1011 252 1074 locariis.
298 1009 361 1073 Istc
383 1012 472 1074 etiam
493 1011 590 1074 uoluit
611 1011 720 1074 festum
742 1011 779 1073 de
802 1011 933 1075 trinitate
956 1012 1048 1094 magis
1070 1033 1158 1096 quam
1189 1012 1226 1076 de

123 1114 242 1177 unitate
263 1113 446 1176 admittere.
473 1113 536 1176 sub
559 1113 695 1176 Conrado
723 1113 800 1176 sedit
821 1113 933 1176 Lucius
956 1111 1027 1176 IIus
1050 1113 1101 1197 qui
1130 1108 1225 1177 voluit

122 1219 277 1284 ecclesiam
301 1219 482 1284 Orientalcm
504 1227 534 1284 et
558 1221 768 1284 occidentalem
792 1244 850 1285 una
871 1221 937 1305 Iege
955 1222 1115 1286 includere.
1161 1223 1224 1286 Sub

123 1321 279 1385 I’rederico
308 1321 409 1385 sedere
438 1322 588 1386 Adrianus
610 1322 700 1386 IIIus
721 1323 806 1386 annis
836 1324 918 1400 IIII,
942 1323 1094 1389 mensibus
1124 1325 1219 1403 VIII,

121 1424 228 1488 diebus
252 1424 382 1488 XXIX:
409 1426 575 1489 Alexander
596 1426 688 1490 IIIus
707 1428 792 1490 aunis
817 1427 941 1504 XXIII,
958 1426 1014 1490 sub
1038 1447 1097 1512 quo
1117 1427 1222 1512 synodi

119 1525 267 1589 Laterano
282 1534 312 1589 et
320 1527 538 1604 Thuroncnsis;
555 1528 667 1592 Lucius
682 1527 772 1592 IlIus
787 1530 871 1592 annis
888 1528 968 1606 IIII,
981 1529 1131 1594 mensibus
1146 1528 1221 1608 1113

119 1627 262 1691 Urbanus
285 1628 376 1692 IIIus
391 1653 469 1692 anno
495 1629 522 1706 I,
554 1630 703 1694 mensibus
734 1631 774 1707 X,
805 1631 909 1696 diebus
931 1632 1041 1703 XXX:
1059 1632 1221 1716 Gregorius

123 1731 241 1795 VIIIus
272 1732 421 1796 mensibus
451 1729 504 1810 113
534 1742 601 1816 post
632 1735 713 1797 hunc
741 1733 880 1798 Clemens
902 1735 1003 1812 Illas,
1032 1741 1100 1820 post
1131 1757 1218 1818 quem

119 1834 299 1911 CelestinuS,
330 1838 380 1920 qui
412 1835 578 1900 Henricum
607 1837 704 1901 lilium
733 1838 881 1902 Frederici
908 1839 1099 1902 consecravit
1145 1837 1219 1902 Post

120 1959 210 2020 quem
225 1937 427 2002 InnocentIus.

253 2039 485 2106 VIMLXXVI.
519 2042 699 2106 Louovrcus
721 2062 880 2106 uueunvrr
901 2063 997 2105 nurus
1031 2043 1077 2107 ΙΙ.

163 2143 328 2208 Edwardus
351 2145 432 2208 filius
452 2144 575 2208 Aluredi
597 2144 679 2207 dedit
694 2145 799 2208 Carolo
819 2145 883 2208 lilio
906 2145 1049 2210 Lodovici
1064 2143 1151 2208 Balbi
1167 2139 1218 2228 qui

117 2243 321 2324 Normanuos,
351 2254 425 2310 tunc
454 2247 613 2310 Saracenos
645 2247 727 2322 vicit,
754 2247 806 2310 sed
841 2247 985 2331 expellere
1019 2267 1079 2309 non
1109 2247 1218 2330 potuit,

117 2348 268 2412 Ilduiuam
292 2349 384 2413 filiam
407 2372 502 2416 suam.
548 2349 635 2412 Rullo
661 2349 782 2432 gentilis
811 2371 848 2411 ex
877 2349 1058 2412 Noricorum
1084 2348 1219 2432 prosapia

117 2461 203 2516 ortus
217 2452 407 2516 Normanucs
421 2475 520 2516 secum
535 2452 671 2529 adduxit,
688 2452 740 2535 qui
755 2452 855 2514 omniu
870 2473 961 2535 regua
980 2451 1217 2534 inquietaverunt

117 2554 157 2618 ab
173 2577 282 2618 oceano
298 2555 471 2619 Britannico
486 2578 580 2639 usque
601 2556 638 2618 ad
653 2555 818 2639 Tyrrenum
829 2577 916 2618 mare.
961 2557 990 2617 A
1005 2554 1133 2617 Curuoto
1149 2574 1219 2616 vero

117 2656 242 2740 fugatus
271 2665 325 2734 est,
347 2658 409 2721 visa
437 2659 563 2721 camesia
584 2664 692 2720 sanctae
723 2657 836 2733 Mariae,
860 2678 958 2740 quam,
982 2678 1050 2719 curn
1074 2655 1219 2739 particula

116 2759 214 2822 crucis
229 2765 259 2822 et
273 2759 368 2836 clavo,
386 2759 515 2823 Carolus
522 2759 630 2822 Calvus
646 2758 754 2823 detulit
772 2782 788 2822 a
804 2759 956 2844 Byzantio.
1001 2758 1082 2822 Huic
1098 2757 1217 2822 Rolloni

116 2883 168 2926 rex
185 2861 307 2926 Carolus
322 2884 375 2946 pro
390 2861 469 2926 bono
481 2865 560 2946 pacis
569 2863 713 2926 concessit
727 2862 953 2940 Normanniam,
969 2869 1057 2946 atque
1069 2861 1217 2945 baptizato

118 2963 239 3028 deditur
255 2965 492 3028 Britannia-cum
513 2965 598 3029 Gisla
619 2965 690 3041 lilia,
707 2984 774 3048 quae
792 2967 854 3028 sine
873 2966 973 3029 liberis
986 2965 1119 3028 decessit.
1159 2966 1215 3027 Sed

117 3068 181 3132 dux
197 3075 318 3132 nonest
334 3069 475 3152 diguatus
497 3069 621 3132 osculari
636 3068 725 3153 pedes
745 3070 820 3153 ejus,
844 3071 901 3132 nisi
921 3091 969 3132 rex
991 3077 1156 3152 assurgeret
1178 3069 1215 3132 ad

117 3193 154 3235 os
169 3194 256 3234 suum
266 3171 469 3236 osculandum.
516 3174 592 3236 Haec
603 3182 648 3236 est
660 3195 748 3235 causa
759 3195 848 3256 quare
858 3172 1038 3235 Willielmus
1054 3172 1217 3235 Bastardus

114 3275 166 3358 jus
176 3273 391 3337 haereditarium
405 3275 532 3338 ducatus
544 3276 707 3338 ‘Britarruiae
719 3275 838 3338 minoris
850 3273 905 3337 sibi
915 3282 1078 3357 competere
1089 3274 1215 3337 dicebat.

117 3375 225 3439 Franci
239 3383 343 3439 cont-ra
356 3376 494 3440 Carolum
509 3379 602 3462 Capet
617 3379 805 3462 conjurantes
820 3401 888 3442 eum
901 3377 937 3440 de
950 3399 1041 3460 regno
1053 3377 1216 3461 expellunt,

117 3487 149 3542 et
161 3477 297 3542 Odoncm
307 3479 411 3543 ducem
422 3481 592 3564 Aquitaniae
601 3481 716 3544 iaciunt
725 3503 833 3563 regem,
844 3481 892 3544 cui
904 3481 983 3544 filius
996 3481 1140 3544 Arnullus
1151 3504 1216 3544 suc-

117 3581 216 3644 cessit.
240 3581 286 3644 no
298 3590 569 3666 temporecrueutae
585 3585 660 3646 acies
672 3584 704 3646 in
715 3583 789 3646 coelo
799 3605 969 3666 apparuere,
987 3583 1022 3644 ud
1038 3582 1214 3666 praesagium

116 3683 224 3748 excidii
240 3685 393 3768 patriaect
416 3687 509 3769 regni
554 3687 677 3750 Carolus
694 3686 810 3748 rediens
834 3687 941 3749 iterum
958 3685 1125 3768 expellitur,
1142 3685 1216 3748 duce

117 3787 250 3851 Robertc
264 3787 434 3872 subrogato,
451 3790 560 3852 montis
572 3790 720 3854 Desiderii
734 3790 815 3854 dicto
832 3791 974 3874 principe,
991 3789 1043 3872 qui
1065 3787 1214 3850 luitfilius

116 3889 238 3955 Ricardi
248 3889 332 3954 ducis
343 3891 535 3975 Burgundiae.
571 3891 670 3966 Quem
684 3893 778 3956 accito
789 3892 826 3955 ab
837 3892 956 3955 Othone
968 3890 1077 3954 auxilio
1090 3889 1216 3953 Carolus

113 3993 235 4078 pccidit3
250 4000 280 4055 et
297 3993 421 4078 Hugoni
442 4005 550 4079 magud
565 3996 628 4060 filio
643 3996 766 4058 Roberti
784 3995 895 4058 ducatu
917 4015 1065 4068 concesso,
1089 4009 1233 4074 regnum·

112 4096 234 4179 recepit.
277 4095 339 4158 Sed
348 4104 436 4180 capto
444 4097 551 4160 iterum
563 4097 817 4244 Carolposimplici
832 4096 883 4180 qui
895 4094 988 4178 Capct
998 4092 1166 4188 vocabatur,
1177 4091 1214 4156 ab
