3042 5134
533 448 725 515 Osrosroos
740 448 768 513 1.
1138 456 1199 521 101

93 639 216 702 quoque
244 620 316 683 sunt
325 617 476 682 innumeri
490 618 568 683 etin
586 618 742 685 obsidione
756 622 886 700 Aearon,
901 626 932 686 ct
946 628 1016 707 post
1029 624 1094 710 ejus
1107 626 1200 713 eapti-

91 720 220 783 vitatem
241 719 375 804 plurimi,
390 726 427 784 ut
440 720 598 807 Philippus
609 744 708 787 comas
723 722 872 788 Plandriae
886 730 917 789 et
938 724 1001 790 dux
1016 727 1204 813 Bnrguudiar

93 830 124 887 et
138 822 192 886 alii
206 820 311 907 plnres
321 822 436 888 nobiles
450 823 490 887 ad
500 824 682 889 liberandam
697 825 900 911 captivitatem
915 826 1091 896 Palaestinae.
1141 832 1200 897 Sed

91 933 121 989 et
131 927 193 990 riri
204 926 347 1010 religiosi,
361 928 414 1011 qui
426 934 566 991 venerant
578 928 614 991 ad
631 929 863 993 succurrendum
876 932 993 997 Sanctae
1007 932 1197 1012 Terrenor-

90 1031 136 1095 tui
159 1031 299 1109 inerunt,
326 1043 358 1095 et
382 1037 452 1096 ante
474 1031 657 1097 obsidionem
682 1035 810 1111 Acarou,
833 1040 863 1098 et
890 1043 992 1119 postca
1002 1064 1012 1115 3
1028 1036 1120 1102 veluti
1152 1038 1199 1103 vir

90 1133 336 1217 religiosissimus
360 1134 494 1218 'lyranus
517 1135 776 1220 archiepiscopus,
792 1142 822 1199 et
836 1136 881 1199 vir
895 1137 1030 1203 literatus
1053 1140 1198 1205 Girardns

90 1236 253 1299 Ravennas
273 1237 513 1321 archiepiscopus
523 1238 765 1304 etCisterciensis
778 1239 958 1318 monachus;
975 1239 1198 1307 cantuariensis

91 1339 338 1423 archiepiscopus
351 1338 549 1417 Baldewiuus,
565 1340 616 1410 sed
639 1340 732 1404 etalii
757 1339 860 1426 plures
875 1341 1005 1425 episcopi
1020 1348 1050 1406 et
1065 1342 1195 1425 abbates,

89 1448 120 1505 et
134 1442 188 1505 alii
202 1443 259 1505 viri
273 1442 405 1526 religiosi
419 1443 596 1509 interierunt
603 1469 613 1521 3
629 1442 725 1506 etalii
739 1443 773 1505 in
787 1443 906 1527 propria
922 1442 1083 1523 redieruut,
1098 1444 1197 1517 veluti

89 1543 253 1610 Hubertns
269 1543 498 1611 salesburiensis
506 1544 673 1629 episcopus,
686 1544 718 1607 in
727 1543 881 1609 obsidione
896 1546 1015 1609 Auaron
1027 1544 1152 1609 viriliter
1163 1550 1194 1611 et

93 1646 226 1729 egregie,
243 1651 359 1729 etpost
373 1644 557 1709 obsidionem
571 1644 760 1710 laudabiliter
774 1645 845 1729 egit,
862 1652 892 1709 et
913 1666 1045 1719 reversus
1060 1648 1092 1717 in
1108 1646 1198 1731 patri-

90 1770 149 1825 arn,
166 1747 406 1832 archiepiscopus
420 1748 640 1816 Cantuariensis
652 1747 789 1826 effectus,
805 1753 835 1811 et
849 1748 1003 1818 ecclesiam
1017 1754 1047 1819 ot
1070 1771 1196 1835 regnum

89 1850 203 1934 pariter
227 1849 302 1918 heae
325 1849 511 1934 gubernavit.
575 1850 687 1919 Parum
700 1857 803 1915 tamen
827 1849 962 1915 literatus
976 1851 1035 1915 init
1050 1856 1080 1915 et
1096 1852 1195 1917 minua

93 1974 160 2017 acer
171 1953 204 2017 in
220 1952 360 2037 operibus
371 1954 505 2038 justitiae.

135 2054 291 2119 Delhncto
321 2056 476 2127 marchisio
520 2054 635 2119 Montis
673 2054 798 2133 l'errati,
837 2077 913 2119 uxor
952 2056 1038 2119 enixa
1074 2056 1194 2123 deinum

92 2164 246 2249 postumo,
266 2157 376 2222 illustri
384 2159 487 2242 juveni
509 2158 611 2229 comiti
627 2156 759 2223 ilenrico
778 2158 956 2243 Campaniae,
981 2180 1051 2243 rege
1066 2159 1195 2224 Ricardo

95 2259 268 2344 Anglorum
292 2265 323 2325 et
346 2260 468 2325 Francis
488 2261 712 2329 destinaverunt
734 2260 881 2325 haeredem
901 2261 996 2345 regni.
1019 2262 1083 2325 Bar
1103 2263 1199 2346 igitur

93 2362 253 2441 Ricardns,
279 2364 450 2452 compositis
470 2365 624 2429 maritimis
645 2371 676 2429 et
698 2363 763 2427 aliis
789 2363 902 2428 finibus
926 2363 1010 2447 regni
1027 2363 1196 2444 Palestinae,

93 2487 200 2549 pacem
211 2466 284 2530 lesit
298 2489 367 2535 cum
381 2466 530 2546 Saladino,
558 2467 674 2551 aliquot
686 2489 833 2531 annornm
859 2466 988 2530 induciis
1009 2466 1143 2545 firmatis,
1166 2472 1196 2531 et

94 2570 256 2653 repatriare
271 2569 427 2654 disposuit.
461 2570 557 2635 Ratns
572 2570 651 2635 enim
666 2592 718 2634 rex
732 2568 890 2653 Philippus
905 2568 1050 2633 elementa
1071 2570 1192 2647 irarum,

95 2694 170 2755 quas
193 2674 229 2736 in
250 2672 391 2737 Messana
412 2680 442 2737 et
457 2675 585 2752 Acaron,
600 2680 631 2738 et
646 2675 773 2737 maxime
786 2672 868 2759 rupti
883 2672 1000 2736 ioederis
1025 2672 1191 2758 peregrina·

93 2774 187 2839 tionis
216 2775 332 2859 [causa]
364 2775 503 2839 incidisse
533 2775 638 2854 doluit,
668 2777 744 2863 [jam
780 2760 886 2852 sedari,
923 2774 1106 2839 Richardnrn
1139 2796 1195 2860 per

92 2878 194 2942 literas
210 2878 329 2942 edocuit
352 2877 414 2962 ejus
431 2878 560 2942 reditum
576 2878 708 2962 cupere]
720 2878 743 2919 l*
756 2876 799 2941 Et
822 2875 890 2940 ideo
909 2898 960 2940 rex
976 2876 1131 2956 RicarduS,
1153 2900 1191 2942 ue

94 2980 187 3064 longa
210 2981 457 3073 peregrinat-ione,
482 2982 515 3044 in
529 2980 733 3071 praejudicinm
754 2979 830 3063 juris
849 2979 904 3057 sui,
918 2979 1095 3074 turbaretur,
1112 2980 1195 3044 navi.

95 3083 190 3167 gavit.
234 3082 391 3152 Declinata
408 3083 501 3167 igitur
515 3083 623 3167 Cypro,
651 3082 733 3166 quod
755 3104 819 3145 non
845 3083 966 3145 omnino
983 3085 1083 3166 potnit
1110 3082 1192 3166 quod

93 3184 201 3263 voluit,
217 3185 264 3248 vel
279 3190 485 3280 exproposito,
500 3186 641 3249 velserus
655 3191 842 3269 tempestate,
857 3186 889 3247 in
904 3184 1023 3248 Istriarn
1036 3186 1192 3269 applicuit

94 3287 243 3371 Quisquis
275 3296 374 3352 autern
409 3290 442 3352 in
467 3294 625 3374 potentatu
657 3309 768 3371 pancos
797 3288 906 3351 amieos
933 3286 1040 3352 habere
1066 3286 1191 3365 curavit,

94 3388 192 3466 facile,
223 3390 397 3475 plerumque
412 3390 538 3468 facilius,
550 3390 686 3454 inimicos
699 3390 824 3454 invenit.

138 3492 285 3562 Ricardus
304 3493 371 3571 sibi,
387 3492 424 3558 ab
440 3494 529 3558 Istria
554 3493 657 3578 paucis
679 3492 891 3556 comitantibus
918 3493 1054 3570 evadens,
1077 3492 1194 3560 invenit

92 3595 243 3659 inimicos.
283 3595 345 3666 Qui
354 3604 453 3660 tamen
462 3618 498 3688 ex
507 3596 661 3681 proposito
673 3596 753 3680 [per]
769 3594 863 3664 multa
871 3601 1016 3660 terrarum
1028 3597 1192 3661 interstioia

92 3699 126 3762 in
140 3698 269 3782 patriam
298 3720 381 3762 suam
401 3699 496 3764 redire
510 3698 675 3785 proposuit.
721 3698 781 3762 Sed
807 3706 929 3765 atanto
950 3700 1083 3785 principe
1105 3700 1194 3765 celari

95 3822 158 3864 non
196 3801 316 3885 potuit:
339 3800 377 3865 ab
407 3802 497 3866 Isi-ria
526 3803 620 3887 igitur
640 3800 677 3865 ab
706 3800 844 3866 hostibus
875 3825 944 3867 eum
965 3801 1194 3887 insequentibus

131 4053 214 4107 'The
226 4054 314 4107 words
333 4055 361 4107 in
374 4056 498 4111 brackets
519 4075 564 4111 are
585 4055 707 4127 supplied
725 4057 763 4127 by
784 4057 935 4136 conjecture
956 4074 985 4109 as
1007 4074 1145 4132 necessary
1166 4063 1196 4115 to

89 4140 226 4220 complete
236 4142 282 4201 the
296 4161 382 4202 sense,
