<?xml version="1.0" encoding="UTF-8"?>
<!DOCTYPE html PUBLIC "-//W3C//DTD XHTML 1.0 Transitional//EN"
    "http://www.w3.org/TR/xhtml1/DTD/xhtml1-transitional.dtd">
<html xmlns="http://www.w3.org/1999/xhtml" xml:lang="en" lang="en">
 <head>
  <title>
</title>
<meta http-equiv="Content-Type" content="text/html;charset=utf-8" />
  <meta name='ocr-system' content='tesseract 3.04.00' />
  <meta name='ocr-capabilities' content='ocr_page ocr_carea ocr_par ocr_line ocrx_word'/>
</head>
<body>
  <div class='ocr_page' id='page_1' title='image "./radulfinigrichr00cogggoog_0125.png"; bbox 0 0 3042 5134; ppageno 0'>
   <div class='ocr_carea' id='block_1_1' title="bbox 343 479 1036 545">
    <p class='ocr_par' dir='ltr' id='par_1_1' title="bbox 343 479 1036 545">
     <span class='ocr_line' id='line_1_1' title="bbox 343 479 1036 545; baseline 0 -1"><span class='ocrx_word' id='word_1_1' title='bbox 343 481 404 545; x_wconf 90' lang='lat'><strong>110</strong></span> <span class='ocrx_word' id='word_1_2' title='bbox 742 481 888 545; x_wconf 77' lang='lat' dir='ltr'><strong>Itanum</strong></span> <span class='ocrx_word' id='word_1_3' title='bbox 931 479 1036 544; x_wconf 78' lang='lat' dir='ltr'><strong>Naana</strong></span> 
     </span>
    </p>
   </div>
   <div class='ocr_carea' id='block_1_2' title="bbox 274 647 1444 3397">
    <p class='ocr_par' dir='ltr' id='par_1_2' title="bbox 274 647 1444 2166">
     <span class='ocr_line' id='line_1_2' title="bbox 337 647 1443 734; baseline 0.002 -20"><span class='ocrx_word' id='word_1_4' title='bbox 337 671 431 734; x_wconf 90' lang='lat' dir='ltr'><strong>quum</strong></span> <span class='ocrx_word' id='word_1_5' title='bbox 445 647 561 732; x_wconf 76' lang='lat' dir='ltr'><strong>eclipsis</strong></span> <span class='ocrx_word' id='word_1_6' title='bbox 584 647 618 712; x_wconf 93' lang='lat' dir='ltr'><strong>in</strong></span> <span class='ocrx_word' id='word_1_7' title='bbox 631 647 712 712; x_wconf 78' lang='lat' dir='ltr'><strong>lunae</strong></span> <span class='ocrx_word' id='word_1_8' title='bbox 726 648 898 712; x_wconf 86' lang='lat' dir='ltr'><strong>ascensione</strong></span> <span class='ocrx_word' id='word_1_9' title='bbox 911 647 977 726; x_wconf 79' lang='lat' dir='ltr'><strong>fiat,</strong></span> <span class='ocrx_word' id='word_1_10' title='bbox 992 648 1092 732; x_wconf 79' lang='lat' dir='ltr'>passio</span> <span class='ocrx_word' id='word_1_11' title='bbox 1106 669 1177 714; x_wconf 87' lang='lat' dir='ltr'><strong>vero</strong></span> <span class='ocrx_word' id='word_1_12' title='bbox 1192 649 1285 714; x_wconf 81' lang='lat' dir='ltr'><strong>luerit</strong></span> <span class='ocrx_word' id='word_1_13' title='bbox 1300 649 1336 713; x_wconf 92' lang='lat' dir='ltr'><strong>in</strong></span> <span class='ocrx_word' id='word_1_14' title='bbox 1352 651 1443 734; x_wconf 90' lang='lat' dir='ltr'><strong>pleni·</strong></span> 
     </span>
     <span class='ocr_line' id='line_1_3' title="bbox 335 751 1441 830; baseline 0.002 -13"><span class='ocrx_word' id='word_1_15' title='bbox 335 751 430 830; x_wconf 91' lang='lat' dir='ltr'><strong>lunio,</strong></span> <span class='ocrx_word' id='word_1_16' title='bbox 457 752 569 816; x_wconf 85' lang='lat' dir='ltr'><strong>scilicet</strong></span> <span class='ocrx_word' id='word_1_17' title='bbox 594 752 628 815; x_wconf 92' lang='lat' dir='ltr'><strong>in</strong></span> <span class='ocrx_word' id='word_1_18' title='bbox 653 751 778 816; x_wconf 80' lang='lat' dir='ltr'><strong>Pascha.</strong></span> <span class='ocrx_word' id='word_1_19' title='bbox 817 751 899 816; x_wconf 79' lang='lat' dir='ltr'><strong>Ortae</strong></span> <span class='ocrx_word' id='word_1_20' title='bbox 923 759 995 816; x_wconf 91' lang='lat' dir='ltr'><strong>sunt</strong></span> <span class='ocrx_word' id='word_1_21' title='bbox 1019 752 1147 818; x_wconf 73' lang='lat' dir='ltr'><strong>hareses</strong></span> <span class='ocrx_word' id='word_1_22' title='bbox 1170 753 1397 818; x_wconf 85' lang='lat' dir='ltr'><strong>Nicolaitarnm</strong></span> <span class='ocrx_word' id='word_1_23' title='bbox 1415 765 1441 819; x_wconf 90' lang='lat' dir='ltr'><strong>et</strong></span> 
     </span>
     <span class='ocr_line' id='line_1_4' title="bbox 336 855 1440 943; baseline 0.002 -23"><span class='ocrx_word' id='word_1_24' title='bbox 336 855 592 921; x_wconf 88' lang='lat' dir='ltr'><strong>Simonachorum.</strong></span> <span class='ocrx_word' id='word_1_25' title='bbox 648 855 794 920; x_wconf 90' lang='lat' dir='ltr'><strong>Nicolaus</strong></span> <span class='ocrx_word' id='word_1_26' title='bbox 827 855 1020 939; x_wconf 75' lang='lat' dir='ltr'><strong>promittebat</strong></span> <span class='ocrx_word' id='word_1_27' title='bbox 1050 857 1190 942; x_wconf 89' lang='lat' dir='ltr'><strong>conjugia</strong></span> <span class='ocrx_word' id='word_1_28' title='bbox 1215 858 1347 922; x_wconf 86' lang='lat' dir='ltr'><strong>invicem</strong></span> <span class='ocrx_word' id='word_1_29' title='bbox 1378 881 1440 943; x_wconf 89' lang='lat' dir='ltr'><strong>per·</strong></span> 
     </span>
     <span class='ocr_line' id='line_1_5' title="bbox 336 956 1444 1043; baseline 0.002 -21"><span class='ocrx_word' id='word_1_30' title='bbox 336 958 456 1022; x_wconf 88' lang='lat' dir='ltr'><strong>mutari.</strong></span> <span class='ocrx_word' id='word_1_31' title='bbox 488 956 686 1042; x_wconf 82' lang='lat' dir='ltr'><strong>Jernsolymae</strong></span> <span class='ocrx_word' id='word_1_32' title='bbox 715 979 796 1021; x_wconf 86' lang='lat' dir='ltr'><strong>moro</strong></span> <span class='ocrx_word' id='word_1_33' title='bbox 826 964 950 1042; x_wconf 85' lang='lat' dir='ltr'><strong>paterno</strong></span> <span class='ocrx_word' id='word_1_34' title='bbox 979 957 1094 1042; x_wconf 88' lang='lat' dir='ltr'><strong>primus</strong></span> <span class='ocrx_word' id='word_1_35' title='bbox 1122 959 1280 1043; x_wconf 88' lang='lat' dir='ltr'><strong>episcopus</strong></span> <span class='ocrx_word' id='word_1_36' title='bbox 1311 959 1444 1024; x_wconf 81' lang='lat' dir='ltr'><strong>Iacobus</strong></span> 
     </span>
     <span class='ocr_line' id='line_1_6' title="bbox 336 1059 1439 1145; baseline 0.002 -21"><span class='ocrx_word' id='word_1_37' title='bbox 336 1059 454 1145; x_wconf 81' lang='lat' dir='ltr'><strong>Alphrei</strong></span> <span class='ocrx_word' id='word_1_38' title='bbox 467 1060 565 1124; x_wconf 77' lang='lat' dir='ltr'><strong>iactus</strong></span> <span class='ocrx_word' id='word_1_39' title='bbox 581 1065 628 1123; x_wconf 76' lang='lat' dir='ltr'><strong>est</strong></span> <span class='ocrx_word' id='word_1_40' title='bbox 686 1059 799 1123; x_wconf 85' lang='lat' dir='ltr'><strong>Beatus</strong></span> <span class='ocrx_word' id='word_1_41' title='bbox 815 1059 983 1144; x_wconf 79' lang='lat' dir='ltr'><strong>Stephanus</strong></span> <span class='ocrx_word' id='word_1_42' title='bbox 998 1060 1147 1144; x_wconf 86' lang='lat' dir='ltr'><strong>lapidatur</strong></span> <span class='ocrx_word' id='word_1_43' title='bbox 1162 1062 1259 1144; x_wconf 92' lang='lat' dir='ltr'><strong>primo</strong></span> <span class='ocrx_word' id='word_1_44' title='bbox 1282 1085 1367 1126; x_wconf 88' lang='lat' dir='ltr'><strong>anno</strong></span> <span class='ocrx_word' id='word_1_45' title='bbox 1391 1063 1439 1126; x_wconf 85' lang='lat' dir='ltr'><strong>&#39;Pi-</strong></span> 
     </span>
     <span class='ocr_line' id='line_1_7' title="bbox 337 1161 1442 1248; baseline 0.003 -22"><span class='ocrx_word' id='word_1_46' title='bbox 337 1161 421 1226; x_wconf 89' lang='lat' dir='ltr'><strong>herii.</strong></span> <span class='ocrx_word' id='word_1_47' title='bbox 467 1162 602 1226; x_wconf 89' lang='lat' dir='ltr'><strong>Herodes</strong></span> <span class='ocrx_word' id='word_1_48' title='bbox 617 1162 655 1225; x_wconf 87' lang='lat' dir='ltr'><strong>iit</strong></span> <span class='ocrx_word' id='word_1_49' title='bbox 668 1161 838 1226; x_wconf 78' lang='lat' dir='ltr'><strong>Tetrarcha.</strong></span> <span class='ocrx_word' id='word_1_50' title='bbox 905 1165 995 1226; x_wconf 91' lang='lat' dir='ltr'><strong>Anno</strong></span> <span class='ocrx_word' id='word_1_51' title='bbox 1011 1165 1076 1248; x_wconf 88' lang='lat' dir='ltr'><strong>ejus</strong></span> <span class='ocrx_word' id='word_1_52' title='bbox 1091 1170 1197 1248; x_wconf 83' lang='lat' dir='ltr'><strong>quarto</strong></span> <span class='ocrx_word' id='word_1_53' title='bbox 1208 1163 1340 1228; x_wconf 76' lang='lat' dir='ltr'><strong>Ovidius</strong></span> <span class='ocrx_word' id='word_1_54' title='bbox 1357 1167 1442 1229; x_wconf 91' lang='lat' dir='ltr'><strong>mori-</strong></span> 
     </span>
     <span class='ocr_line' id='line_1_8' title="bbox 335 1263 1442 1350; baseline 0.005 -23"><span class='ocrx_word' id='word_1_55' title='bbox 335 1269 395 1328; x_wconf 90' lang='lat' dir='ltr'><strong>tur.</strong></span> <span class='ocrx_word' id='word_1_56' title='bbox 439 1264 560 1328; x_wconf 82' lang='lat' dir='ltr'><strong>Persius</strong></span> <span class='ocrx_word' id='word_1_57' title='bbox 592 1264 734 1327; x_wconf 86' lang='lat' dir='ltr'><strong>Satiricns</strong></span> <span class='ocrx_word' id='word_1_58' title='bbox 765 1263 871 1327; x_wconf 89' lang='lat' dir='ltr'><strong>oritur.</strong></span> <span class='ocrx_word' id='word_1_59' title='bbox 927 1263 1063 1328; x_wconf 82' lang='lat' dir='ltr'><strong>Herodes</strong></span> <span class='ocrx_word' id='word_1_60' title='bbox 1097 1266 1247 1350; x_wconf 80' lang='lat' dir='ltr'><strong>Agrippa,</strong></span> <span class='ocrx_word' id='word_1_61' title='bbox 1262 1267 1442 1332; x_wconf 77' lang='lat' dir='ltr'><strong>Aristoboli</strong></span> 
     </span>
     <span class='ocr_line' id='line_1_9' title="bbox 333 1365 1441 1454; baseline 0.004 -23"><span class='ocrx_word' id='word_1_62' title='bbox 333 1366 417 1432; x_wconf 86' lang='lat' dir='ltr'><strong>iilius</strong></span> <span class='ocrx_word' id='word_1_63' title='bbox 433 1375 571 1451; x_wconf 84' lang='lat' dir='ltr'><strong>atnepos</strong></span> <span class='ocrx_word' id='word_1_64' title='bbox 598 1365 788 1444; x_wconf 88' lang='lat' dir='ltr'><strong>Herodiadis,</strong></span> <span class='ocrx_word' id='word_1_65' title='bbox 811 1367 894 1429; x_wconf 77' lang='lat' dir='ltr'><strong>teuit</strong></span> <span class='ocrx_word' id='word_1_66' title='bbox 920 1366 1044 1432; x_wconf 88' lang='lat' dir='ltr'><strong>Romam</strong></span> <span class='ocrx_word' id='word_1_67' title='bbox 1070 1389 1212 1432; x_wconf 87' lang='lat' dir='ltr'><strong>accusans</strong></span> <span class='ocrx_word' id='word_1_68' title='bbox 1236 1377 1384 1454; x_wconf 88' lang='lat' dir='ltr'><strong>patruum</strong></span> <span class='ocrx_word' id='word_1_69' title='bbox 1413 1379 1441 1435; x_wconf 89' lang='lat' dir='ltr'><strong>et</strong></span> 
     </span>
     <span class='ocr_line' id='line_1_10' title="bbox 335 1469 1441 1556; baseline 0.005 -23"><span class='ocrx_word' id='word_1_70' title='bbox 335 1469 621 1534; x_wconf 75' lang='lat' dir='ltr'><strong>mittitura&#39;l&#39;ihcrio</strong></span> <span class='ocrx_word' id='word_1_71' title='bbox 636 1470 669 1532; x_wconf 92' lang='lat' dir='ltr'><strong>in</strong></span> <span class='ocrx_word' id='word_1_72' title='bbox 680 1469 807 1536; x_wconf 88' lang='lat' dir='ltr'><strong>vincula.</strong></span> <span class='ocrx_word' id='word_1_73' title='bbox 842 1469 995 1556; x_wconf 87' lang='lat' dir='ltr'><strong>Dispersio</strong></span> <span class='ocrx_word' id='word_1_74' title='bbox 1009 1470 1225 1554; x_wconf 90' lang='lat' dir='ltr'><strong>Apostolorum</strong></span> <span class='ocrx_word' id='word_1_75' title='bbox 1238 1472 1319 1536; x_wconf 84' lang='lat' dir='ltr'><strong>lacta</strong></span> <span class='ocrx_word' id='word_1_76' title='bbox 1334 1481 1382 1537; x_wconf 85' lang='lat' dir='ltr'><strong>est</strong></span> <span class='ocrx_word' id='word_1_77' title='bbox 1391 1497 1441 1538; x_wconf 92' lang='lat' dir='ltr'><strong>an-</strong></span> 
     </span>
     <span class='ocr_line' id='line_1_11' title="bbox 274 1562 1441 1656; baseline 0.002 -20"><span class='ocrx_word' id='word_1_78' title='bbox 274 1611 277 1616; x_wconf 93' lang='lat'>·</span> <span class='ocrx_word' id='word_1_79' title='bbox 333 1593 375 1637; x_wconf 89' lang='lat' dir='ltr'><strong>no</strong></span> <span class='ocrx_word' id='word_1_80' title='bbox 389 1573 478 1636; x_wconf 86' lang='lat' dir='ltr'><strong>tertio</strong></span> <span class='ocrx_word' id='word_1_81' title='bbox 493 1579 561 1656; x_wconf 91' lang='lat' dir='ltr'><strong>post</strong></span> <span class='ocrx_word' id='word_1_82' title='bbox 577 1562 779 1634; x_wconf 81' lang='lat' dir='ltr'><strong>ascensionem</strong></span> <span class='ocrx_word' id='word_1_83' title='bbox 795 1570 928 1633; x_wconf 89' lang='lat' dir='ltr'><strong>Domini.</strong></span> <span class='ocrx_word' id='word_1_84' title='bbox 973 1571 1086 1636; x_wconf 88' lang='lat' dir='ltr'><strong>Paulus</strong></span> <span class='ocrx_word' id='word_1_85' title='bbox 1100 1573 1284 1636; x_wconf 86' lang='lat' dir='ltr'><strong>convertitur</strong></span> <span class='ocrx_word' id='word_1_86' title='bbox 1310 1575 1441 1638; x_wconf 89' lang='lat' dir='ltr'><strong>secundo</strong></span> 
     </span>
     <span class='ocr_line' id='line_1_12' title="bbox 332 1672 1437 1758; baseline 0.002 -20"><span class='ocrx_word' id='word_1_87' title='bbox 332 1697 411 1739; x_wconf 87' lang='lat' dir='ltr'><strong>anuo</strong></span> <span class='ocrx_word' id='word_1_88' title='bbox 425 1681 495 1758; x_wconf 86' lang='lat' dir='ltr'><strong>post</strong></span> <span class='ocrx_word' id='word_1_89' title='bbox 508 1675 710 1738; x_wconf 83' lang='lat' dir='ltr'><strong>ascensionem</strong></span> <span class='ocrx_word' id='word_1_90' title='bbox 724 1672 888 1758; x_wconf 83' lang='lat' dir='ltr'><strong>emergenti</strong></span> <span class='ocrx_word' id='word_1_91' title='bbox 903 1695 966 1736; x_wconf 89' lang='lat' dir='ltr'><strong>non</strong></span> <span class='ocrx_word' id='word_1_92' title='bbox 989 1674 1096 1738; x_wconf 87' lang='lat' dir='ltr'><strong>usuali.</strong></span> <span class='ocrx_word' id='word_1_93' title='bbox 1113 1675 1206 1738; x_wconf 86' lang='lat' dir='ltr'><strong>Beata</strong></span> <span class='ocrx_word' id='word_1_94' title='bbox 1220 1675 1319 1740; x_wconf 85' lang='lat' dir='ltr'><strong>Maria</strong></span> <span class='ocrx_word' id='word_1_95' title='bbox 1334 1677 1437 1740; x_wconf 88' lang='lat' dir='ltr'><strong>eodem</strong></span> 
     </span>
     <span class='ocr_line' id='line_1_13' title="bbox 333 1775 1438 1860; baseline 0.004 -20"><span class='ocrx_word' id='word_1_96' title='bbox 333 1798 413 1840; x_wconf 88' lang='lat' dir='ltr'><strong>anno</strong></span> <span class='ocrx_word' id='word_1_97' title='bbox 437 1782 589 1860; x_wconf 85' lang='lat' dir='ltr'><strong>assumpta</strong></span> <span class='ocrx_word' id='word_1_98' title='bbox 612 1782 657 1838; x_wconf 91' lang='lat' dir='ltr'><strong>est</strong></span> <span class='ocrx_word' id='word_1_99' title='bbox 681 1776 714 1839; x_wconf 93' lang='lat' dir='ltr'><strong>in</strong></span> <span class='ocrx_word' id='word_1_100' title='bbox 740 1775 848 1839; x_wconf 89' lang='lat' dir='ltr'><strong>coelum</strong></span> <span class='ocrx_word' id='word_1_101' title='bbox 878 1775 959 1858; x_wconf 92' lang='lat' dir='ltr'><strong>quod</strong></span> <span class='ocrx_word' id='word_1_102' title='bbox 985 1775 1030 1842; x_wconf 89' lang='lat' dir='ltr'><strong>illi</strong></span> <span class='ocrx_word' id='word_1_103' title='bbox 1052 1775 1225 1841; x_wconf 90' lang='lat' dir='ltr'><strong>revelationi</strong></span> <span class='ocrx_word' id='word_1_104' title='bbox 1257 1779 1438 1844; x_wconf 87' lang='lat' dir='ltr'><strong>concordare</strong></span> 
     </span>
     <span class='ocr_line' id='line_1_14' title="bbox 333 1876 1437 1962; baseline 0.003 -20"><span class='ocrx_word' id='word_1_105' title='bbox 333 1877 461 1956; x_wconf 79' lang='lat' dir='ltr'><strong>ridetur,</strong></span> <span class='ocrx_word' id='word_1_106' title='bbox 488 1877 649 1962; x_wconf 76' lang='lat' dir='ltr'><strong>quaefacta</strong></span> <span class='ocrx_word' id='word_1_107' title='bbox 662 1883 707 1940; x_wconf 90' lang='lat' dir='ltr'><strong>est</strong></span> <span class='ocrx_word' id='word_1_108' title='bbox 733 1885 842 1942; x_wconf 75' lang='lat' dir='ltr'><strong>sanetae</strong></span> <span class='ocrx_word' id='word_1_109' title='bbox 867 1876 1022 1942; x_wconf 76' lang='lat' dir='ltr'><strong>Elisabeth</strong></span> <span class='ocrx_word' id='word_1_110' title='bbox 1047 1879 1271 1942; x_wconf 89' lang='lat' dir='ltr'><strong>sanctimoniali.</strong></span> <span class='ocrx_word' id='word_1_111' title='bbox 1317 1880 1437 1945; x_wconf 80' lang='lat' dir='ltr'><strong>Tiberio</strong></span> 
     </span>
     <span class='ocr_line' id='line_1_15' title="bbox 333 1979 1437 2068; baseline 0.004 -25"><span class='ocrx_word' id='word_1_112' title='bbox 333 1981 461 2058; x_wconf 86' lang='lat' dir='ltr'><strong>vivente,</strong></span> <span class='ocrx_word' id='word_1_113' title='bbox 484 1979 587 2044; x_wconf 89' lang='lat' dir='ltr'><strong>Media</strong></span> <span class='ocrx_word' id='word_1_114' title='bbox 609 2002 661 2064; x_wconf 93' lang='lat' dir='ltr'><strong>per</strong></span> <span class='ocrx_word' id='word_1_115' title='bbox 684 1979 823 2058; x_wconf 86' lang='lat' dir='ltr'><strong>Parthos,</strong></span> <span class='ocrx_word' id='word_1_116' title='bbox 846 1979 943 2044; x_wconf 87' lang='lat' dir='ltr'><strong>Gallia</strong></span> <span class='ocrx_word' id='word_1_117' title='bbox 964 2001 1017 2064; x_wconf 88' lang='lat' dir='ltr'><strong>per</strong></span> <span class='ocrx_word' id='word_1_118' title='bbox 1040 1979 1195 2060; x_wconf 82' lang='lat' dir='ltr'><strong>finitimos,</strong></span> <span class='ocrx_word' id='word_1_119' title='bbox 1217 1983 1363 2047; x_wconf 84' lang='lat' dir='ltr'><strong>Armenia</strong></span> <span class='ocrx_word' id='word_1_120' title='bbox 1387 2006 1437 2068; x_wconf 87' lang='lat' dir='ltr'><strong>per</strong></span> 
     </span>
     <span class='ocr_line' id='line_1_16' title="bbox 332 2081 1031 2166; baseline 0 -19"><span class='ocrx_word' id='word_1_121' title='bbox 332 2081 441 2160; x_wconf 86' lang='lat' dir='ltr'><strong>Dacos,</strong></span> <span class='ocrx_word' id='word_1_122' title='bbox 456 2082 611 2148; x_wconf 91' lang='lat' dir='ltr'><strong>Pannonia</strong></span> <span class='ocrx_word' id='word_1_123' title='bbox 626 2105 644 2148; x_wconf 88' lang='lat' dir='ltr'><strong>a</strong></span> <span class='ocrx_word' id='word_1_124' title='bbox 658 2082 799 2146; x_wconf 83' lang='lat' dir='ltr'><strong>Sannatis</strong></span> <span class='ocrx_word' id='word_1_125' title='bbox 814 2089 885 2146; x_wconf 88' lang='lat' dir='ltr'><strong>sunt</strong></span> <span class='ocrx_word' id='word_1_126' title='bbox 900 2081 1031 2166; x_wconf 83' lang='lat' dir='ltr'><strong>direptae.</strong></span> 
     </span>
    </p>

    <p class='ocr_par' dir='ltr' id='par_1_3' title="bbox 332 2183 1435 2373">
     <span class='ocr_line' id='line_1_17' title="bbox 370 2183 1435 2269; baseline 0.004 -21"><span class='ocrx_word' id='word_1_127' title='bbox 370 2184 488 2248; x_wconf 89' lang='lat' dir='ltr'><strong>Pilatus</strong></span> <span class='ocrx_word' id='word_1_128' title='bbox 507 2183 694 2269; x_wconf 87' lang='lat' dir='ltr'><strong>Lugdunum</strong></span> <span class='ocrx_word' id='word_1_129' title='bbox 708 2183 856 2268; x_wconf 83' lang='lat' dir='ltr'><strong>relegatus</strong></span> <span class='ocrx_word' id='word_1_130' title='bbox 874 2205 924 2247; x_wconf 87' lang='lat' dir='ltr'><strong>ore</strong></span> <span class='ocrx_word' id='word_1_131' title='bbox 944 2183 1063 2268; x_wconf 87' lang='lat' dir='ltr'><strong>proprio</strong></span> <span class='ocrx_word' id='word_1_132' title='bbox 1078 2184 1237 2248; x_wconf 88' lang='lat' dir='ltr'><strong>damnatur</strong></span> <span class='ocrx_word' id='word_1_133' title='bbox 1257 2192 1288 2250; x_wconf 88' lang='lat' dir='ltr'><strong>et</strong></span> <span class='ocrx_word' id='word_1_134' title='bbox 1304 2187 1435 2252; x_wconf 86' lang='lat' dir='ltr'><strong>mittitur</strong></span> 
     </span>
     <span class='ocr_line' id='line_1_18' title="bbox 332 2284 1277 2373; baseline 0.001 -23"><span class='ocrx_word' id='word_1_135' title='bbox 332 2287 365 2350; x_wconf 90' lang='lat' dir='ltr'><strong>in</strong></span> <span class='ocrx_word' id='word_1_136' title='bbox 381 2285 571 2351; x_wconf 86' lang='lat' dir='ltr'><strong>Rhodanum.</strong></span> <span class='ocrx_word' id='word_1_137' title='bbox 615 2284 751 2351; x_wconf 79' lang='lat' dir='ltr'><strong>Tiberius</strong></span> <span class='ocrx_word' id='word_1_138' title='bbox 769 2285 845 2350; x_wconf 89' lang='lat' dir='ltr'><strong>obiit</strong></span> <span class='ocrx_word' id='word_1_139' title='bbox 858 2285 974 2350; x_wconf 88' lang='lat' dir='ltr'><strong>insidiis</strong></span> <span class='ocrx_word' id='word_1_140' title='bbox 989 2286 1057 2350; x_wconf 88' lang='lat' dir='ltr'><strong>Gaii</strong></span> <span class='ocrx_word' id='word_1_141' title='bbox 1071 2287 1277 2373; x_wconf 89' lang='lat' dir='ltr'><strong>interemptus.</strong></span> 
     </span>
    </p>

    <p class='ocr_par' dir='ltr' id='par_1_4' title="bbox 328 2389 1434 3397">
     <span class='ocr_line' id='line_1_19' title="bbox 371 2389 1433 2476; baseline 0.004 -22"><span class='ocrx_word' id='word_1_142' title='bbox 371 2390 536 2476; x_wconf 76' lang='lat' dir='ltr'><strong>[Iosephus</strong></span> <span class='ocrx_word' id='word_1_143' title='bbox 550 2389 627 2457; x_wconf 91' lang='lat' dir='ltr'><strong>libro</strong></span> <span class='ocrx_word' id='word_1_144' title='bbox 641 2389 757 2455; x_wconf 85' lang='lat' dir='ltr'>XVIII</span> <span class='ocrx_word' id='word_1_145' title='bbox 769 2389 989 2474; x_wconf 86' lang='lat' dir='ltr'><strong>antiquitatum.</strong></span> <span class='ocrx_word' id='word_1_146' title='bbox 1006 2389 1142 2455; x_wconf 80' lang='lat' dir='ltr'><strong>Tiberius</strong></span> <span class='ocrx_word' id='word_1_147' title='bbox 1156 2412 1291 2455; x_wconf 86' lang='lat' dir='ltr'><strong>reversus</strong></span> <span class='ocrx_word' id='word_1_148' title='bbox 1307 2393 1341 2456; x_wconf 92' lang='lat' dir='ltr'><strong>iu</strong></span> <span class='ocrx_word' id='word_1_149' title='bbox 1350 2392 1433 2457; x_wconf 81' lang='lat' dir='ltr'><strong>Cam·</strong></span> 
     </span>
     <span class='ocr_line' id='line_1_20' title="bbox 333 2490 1431 2578; baseline 0.002 -22"><span class='ocrx_word' id='word_1_150' title='bbox 333 2494 452 2578; x_wconf 90' lang='lat' dir='ltr'><strong>paniam</strong></span> <span class='ocrx_word' id='word_1_151' title='bbox 475 2491 574 2556; x_wconf 78' lang='lat' dir='ltr'><strong>febrili</strong></span> <span class='ocrx_word' id='word_1_152' title='bbox 601 2490 704 2554; x_wconf 86' lang='lat' dir='ltr'><strong>ardore</strong></span> <span class='ocrx_word' id='word_1_153' title='bbox 733 2491 902 2575; x_wconf 89' lang='lat' dir='ltr'><strong>corripitur,</strong></span> <span class='ocrx_word' id='word_1_154' title='bbox 922 2497 953 2556; x_wconf 88' lang='lat' dir='ltr'><strong>et</strong></span> <span class='ocrx_word' id='word_1_155' title='bbox 977 2491 1075 2576; x_wconf 87' lang='lat' dir='ltr'><strong>primo</strong></span> <span class='ocrx_word' id='word_1_156' title='bbox 1100 2491 1220 2574; x_wconf 84' lang='lat' dir='ltr'><strong>quidem</strong></span> <span class='ocrx_word' id='word_1_157' title='bbox 1236 2492 1431 2572; x_wconf 87' lang='lat' dir='ltr'><strong>mediocriter,</strong></span> 
     </span>
     <span class='ocr_line' id='line_1_21' title="bbox 330 2591 1434 2680; baseline 0.001 -21"><span class='ocrx_word' id='word_1_158' title='bbox 330 2596 383 2659; x_wconf 87' lang='lat' dir='ltr'><strong>scd</strong></span> <span class='ocrx_word' id='word_1_159' title='bbox 397 2594 430 2657; x_wconf 91' lang='lat' dir='ltr'><strong>in</strong></span> <span class='ocrx_word' id='word_1_160' title='bbox 440 2595 525 2680; x_wconf 86' lang='lat' dir='ltr'><strong>pejus</strong></span> <span class='ocrx_word' id='word_1_161' title='bbox 536 2591 714 2675; x_wconf 78' lang='lat' dir='ltr'><strong>aegritudine</strong></span> <span class='ocrx_word' id='word_1_162' title='bbox 722 2591 910 2676; x_wconf 87' lang='lat' dir='ltr'><strong>procedente,</strong></span> <span class='ocrx_word' id='word_1_163' title='bbox 926 2593 1102 2656; x_wconf 87' lang='lat' dir='ltr'><strong>contrariam</strong></span> <span class='ocrx_word' id='word_1_164' title='bbox 1114 2592 1152 2656; x_wconf 90' lang='lat' dir='ltr'><strong>de</strong></span> <span class='ocrx_word' id='word_1_165' title='bbox 1163 2613 1198 2656; x_wconf 90' lang='lat' dir='ltr'><strong>eo</strong></span> <span class='ocrx_word' id='word_1_166' title='bbox 1210 2615 1292 2678; x_wconf 90' lang='lat' dir='ltr'><strong>spem</strong></span> <span class='ocrx_word' id='word_1_167' title='bbox 1303 2594 1434 2660; x_wconf 88' lang='lat' dir='ltr'><strong>habehat</strong></span> 
     </span>
     <span class='ocr_line' id='line_1_22' title="bbox 331 2693 1432 2782; baseline 0.003 -23"><span class='ocrx_word' id='word_1_168' title='bbox 331 2695 454 2760; x_wconf 77' lang='lat' dir='ltr'><strong>Euodus</strong></span> <span class='ocrx_word' id='word_1_169' title='bbox 469 2693 687 2758; x_wconf 85' lang='lat' dir='ltr'><strong>amantissimus</strong></span> <span class='ocrx_word' id='word_1_170' title='bbox 715 2695 742 2757; x_wconf 91' lang='lat' dir='ltr'><strong>ei</strong></span> <span class='ocrx_word' id='word_1_171' title='bbox 766 2694 898 2758; x_wconf 87' lang='lat' dir='ltr'><strong>omnium</strong></span> <span class='ocrx_word' id='word_1_172' title='bbox 924 2694 1094 2772; x_wconf 90' lang='lat' dir='ltr'><strong>liberorum,</strong></span> <span class='ocrx_word' id='word_1_173' title='bbox 1119 2695 1267 2782; x_wconf 86' lang='lat' dir='ltr'><strong>jussitque</strong></span> <span class='ocrx_word' id='word_1_174' title='bbox 1296 2697 1336 2760; x_wconf 87' lang='lat' dir='ltr'><strong>ad</strong></span> <span class='ocrx_word' id='word_1_175' title='bbox 1364 2720 1432 2762; x_wconf 89' lang='lat' dir='ltr'><strong>eum</strong></span> 
     </span>
     <span class='ocr_line' id='line_1_23' title="bbox 330 2797 1434 2884; baseline 0.003 -21"><span class='ocrx_word' id='word_1_176' title='bbox 330 2799 409 2863; x_wconf 86' lang='lat' dir='ltr'><strong>filios</strong></span> <span class='ocrx_word' id='word_1_177' title='bbox 420 2799 486 2883; x_wconf 87' lang='lat' dir='ltr'><strong>ejus</strong></span> <span class='ocrx_word' id='word_1_178' title='bbox 500 2797 618 2876; x_wconf 80' lang='lat' dir='ltr'><strong>adduci,</strong></span> <span class='ocrx_word' id='word_1_179' title='bbox 634 2804 770 2882; x_wconf 90' lang='lat' dir='ltr'><strong>oportere</strong></span> <span class='ocrx_word' id='word_1_180' title='bbox 790 2803 920 2882; x_wconf 90' lang='lat' dir='ltr'><strong>&#39;namque</strong></span> <span class='ocrx_word' id='word_1_181' title='bbox 934 2797 1050 2862; x_wconf 88' lang='lat' dir='ltr'><strong>dicebat</strong></span> <span class='ocrx_word' id='word_1_182' title='bbox 1065 2806 1100 2863; x_wconf 88' lang='lat' dir='ltr'><strong>nt</strong></span> <span class='ocrx_word' id='word_1_183' title='bbox 1123 2820 1193 2862; x_wconf 90' lang='lat' dir='ltr'><strong>oum</strong></span> <span class='ocrx_word' id='word_1_184' title='bbox 1207 2800 1248 2862; x_wconf 91' lang='lat' dir='ltr'><strong>eis</strong></span> <span class='ocrx_word' id='word_1_185' title='bbox 1260 2799 1434 2884; x_wconf 89' lang='lat' dir='ltr'><strong>loqueretur</strong></span> 
     </span>
     <span class='ocr_line' id='line_1_24' title="bbox 331 2900 1431 2986; baseline 0 -18"><span class='ocrx_word' id='word_1_186' title='bbox 331 2909 488 2985; x_wconf 84' lang='lat' dir='ltr'><strong>antequam</strong></span> <span class='ocrx_word' id='word_1_187' title='bbox 498 2900 658 2965; x_wconf 87' lang='lat' dir='ltr'><strong>terminum</strong></span> <span class='ocrx_word' id='word_1_188' title='bbox 669 2901 737 2964; x_wconf 87' lang='lat' dir='ltr'><strong>vitae</strong></span> <span class='ocrx_word' id='word_1_189' title='bbox 748 2902 919 2984; x_wconf 86' lang='lat' dir='ltr'><strong>susciperet.</strong></span> <span class='ocrx_word' id='word_1_190' title='bbox 951 2900 1046 2964; x_wconf 71' lang='lat' dir='ltr'><strong>Erant</strong></span> <span class='ocrx_word' id='word_1_191' title='bbox 1061 2905 1159 2964; x_wconf 88' lang='lat' dir='ltr'><strong>autem</strong></span> <span class='ocrx_word' id='word_1_192' title='bbox 1175 2900 1296 2965; x_wconf 90' lang='lat' dir='ltr'><strong>illinon</strong></span> <span class='ocrx_word' id='word_1_193' title='bbox 1311 2903 1431 2986; x_wconf 90' lang='lat' dir='ltr'><strong>quidem</strong></span> 
     </span>
     <span class='ocr_line' id='line_1_25' title="bbox 331 3001 1433 3091; baseline 0 -23"><span class='ocrx_word' id='word_1_194' title='bbox 331 3003 451 3091; x_wconf 83' lang='lat' dir='ltr'><strong>proprii,</strong></span> <span class='ocrx_word' id='word_1_195' title='bbox 479 3003 531 3068; x_wconf 87' lang='lat' dir='ltr'><strong>sed</strong></span> <span class='ocrx_word' id='word_1_196' title='bbox 556 3002 698 3087; x_wconf 87' lang='lat' dir='ltr'><strong>adoptati.</strong></span> <span class='ocrx_word' id='word_1_197' title='bbox 756 3002 839 3066; x_wconf 89' lang='lat' dir='ltr'><strong>Nam</strong></span> <span class='ocrx_word' id='word_1_198' title='bbox 868 3003 987 3066; x_wconf 89' lang='lat' dir='ltr'><strong>Drusus</strong></span> <span class='ocrx_word' id='word_1_199' title='bbox 1017 3001 1081 3086; x_wconf 88' lang='lat' dir='ltr'><strong>ejus</strong></span> <span class='ocrx_word' id='word_1_200' title='bbox 1114 3001 1195 3066; x_wconf 86' lang='lat' dir='ltr'><strong>lilius</strong></span> <span class='ocrx_word' id='word_1_201' title='bbox 1229 3002 1291 3085; x_wconf 88' lang='lat' dir='ltr'><strong>jam</strong></span> <span class='ocrx_word' id='word_1_202' title='bbox 1334 3004 1433 3070; x_wconf 82' lang='lat' dir='ltr'><strong>fuerat</strong></span> 
     </span>
     <span class='ocr_line' id='line_1_26' title="bbox 330 3103 1430 3192; baseline -0.001 -20"><span class='ocrx_word' id='word_1_203' title='bbox 330 3113 477 3184; x_wconf 88' lang='lat' dir='ltr'><strong>mortuns,</strong></span> <span class='ocrx_word' id='word_1_204' title='bbox 493 3106 578 3192; x_wconf 85' lang='lat' dir='ltr'><strong>cujus</strong></span> <span class='ocrx_word' id='word_1_205' title='bbox 592 3105 675 3170; x_wconf 85' lang='lat' dir='ltr'><strong>filius</strong></span> <span class='ocrx_word' id='word_1_206' title='bbox 688 3103 824 3169; x_wconf 66' lang='lat' dir='ltr'><strong>&#39;liberius</strong></span> <span class='ocrx_word' id='word_1_207' title='bbox 839 3104 935 3168; x_wconf 89' lang='lat' dir='ltr'><strong>iuerat</strong></span> <span class='ocrx_word' id='word_1_208' title='bbox 952 3103 1120 3187; x_wconf 87' lang='lat' dir='ltr'><strong>adoptatus,</strong></span> <span class='ocrx_word' id='word_1_209' title='bbox 1137 3104 1240 3182; x_wconf 85' lang='lat' dir='ltr'><strong>Gaius,</strong></span> <span class='ocrx_word' id='word_1_210' title='bbox 1256 3104 1430 3171; x_wconf 84' lang='lat' dir='ltr'><strong>Germanici</strong></span> 
     </span>
     <span class='ocr_line' id='line_1_27' title="bbox 328 3205 1430 3294; baseline -0.005 -17"><span class='ocrx_word' id='word_1_211' title='bbox 328 3209 421 3287; x_wconf 82' lang='lat' dir='ltr'><strong>filius,</strong></span> <span class='ocrx_word' id='word_1_212' title='bbox 441 3211 493 3294; x_wconf 90' lang='lat' dir='ltr'><strong>qui</strong></span> <span class='ocrx_word' id='word_1_213' title='bbox 518 3209 590 3275; x_wconf 91' lang='lat' dir='ltr'><strong>dum</strong></span> <span class='ocrx_word' id='word_1_214' title='bbox 613 3230 729 3274; x_wconf 91' lang='lat' dir='ltr'><strong>summo</strong></span> <span class='ocrx_word' id='word_1_215' title='bbox 744 3228 831 3273; x_wconf 87' lang='lat' dir='ltr'><strong>mane</strong></span> <span class='ocrx_word' id='word_1_216' title='bbox 855 3206 1022 3290; x_wconf 90' lang='lat' dir='ltr'><strong>impransus</strong></span> <span class='ocrx_word' id='word_1_217' title='bbox 1036 3228 1091 3290; x_wconf 92' lang='lat' dir='ltr'><strong>pro</strong></span> <span class='ocrx_word' id='word_1_218' title='bbox 1106 3205 1220 3270; x_wconf 86' lang='lat' dir='ltr'><strong>loribus</strong></span> <span class='ocrx_word' id='word_1_219' title='bbox 1234 3206 1362 3272; x_wconf 87' lang='lat' dir='ltr'><strong>thalami</strong></span> <span class='ocrx_word' id='word_1_220' title='bbox 1376 3209 1430 3272; x_wconf 92' lang='lat' dir='ltr'><strong>im-</strong></span> 
     </span>
     <span class='ocr_line' id='line_1_28' title="bbox 328 3306 1430 3397; baseline -0.003 -21"><span class='ocrx_word' id='word_1_221' title='bbox 328 3313 472 3397; x_wconf 86' lang='lat' dir='ltr'><strong>peratoris</strong></span> <span class='ocrx_word' id='word_1_222' title='bbox 487 3312 644 3388; x_wconf 86' lang='lat' dir='ltr'><strong>assisteret,</strong></span> <span class='ocrx_word' id='word_1_223' title='bbox 658 3309 746 3374; x_wconf 88' lang='lat' dir='ltr'><strong>etiam</strong></span> <span class='ocrx_word' id='word_1_224' title='bbox 761 3313 865 3373; x_wconf 90' lang='lat' dir='ltr'><strong>contra</strong></span> <span class='ocrx_word' id='word_1_225' title='bbox 879 3306 1063 3371; x_wconf 88' lang='lat' dir='ltr'><strong>voluntatem</strong></span> <span class='ocrx_word' id='word_1_226' title='bbox 1078 3307 1262 3392; x_wconf 81' lang='lat' dir='ltr'><strong>imperatoris</strong></span> <span class='ocrx_word' id='word_1_227' title='bbox 1278 3331 1430 3374; x_wconf 84' lang='lat' dir='ltr'><strong>successor</strong></span> 
     </span>
    </p>
   </div>
   <div class='ocr_carea' id='block_1_3' title="bbox 328 3411 976 3598">
    <p class='ocr_par' dir='ltr' id='par_1_5' title="bbox 328 3411 976 3598">
     <span class='ocr_line' id='line_1_29' title="bbox 328 3411 976 3500; baseline -0.003 -25"><span class='ocrx_word' id='word_1_228' title='bbox 328 3413 572 3496; x_wconf 86' lang='lat' dir='ltr'><strong>sibidesignatus</strong></span> <span class='ocrx_word' id='word_1_229' title='bbox 588 3411 693 3493; x_wconf 68' lang='lat' dir='ltr'><strong>est.*]</strong></span> <span class='ocrx_word' id='word_1_230' title='bbox 974 3494 976 3500; x_wconf 15' lang='lat' dir='ltr'>y</span> 
     </span>
     <span class='ocr_line' id='line_1_30' title="bbox 373 3510 927 3598; baseline -0.004 -21"><span class='ocrx_word' id='word_1_231' title='bbox 373 3512 437 3578; x_wconf 86' lang='lat' dir='ltr'><strong>Sub</strong></span> <span class='ocrx_word' id='word_1_232' title='bbox 450 3513 570 3577; x_wconf 81' lang='lat' dir='ltr'><strong>Tiberio</strong></span> <span class='ocrx_word' id='word_1_233' title='bbox 584 3512 615 3573; x_wconf 84' lang='lat' dir='ltr'><strong>V</strong></span> <span class='ocrx_word' id='word_1_234' title='bbox 630 3510 823 3598; x_wconf 82' lang='lat' dir='ltr'><strong>Olympiades</strong></span> <span class='ocrx_word' id='word_1_235' title='bbox 836 3512 927 3575; x_wconf 85' lang='lat' dir='ltr'><strong>luere.</strong></span> 
     </span>
    </p>
   </div>
   <div class='ocr_carea' id='block_1_4' title="bbox 370 3645 1428 3815">
    <p class='ocr_par' dir='ltr' id='par_1_6' title="bbox 370 3645 1428 3815">
     <span class='ocr_line' id='line_1_31' title="bbox 370 3645 1428 3724; baseline -0.001 -11"><span class='ocrx_word' id='word_1_236' title='bbox 370 3647 612 3716; x_wconf 84' lang='lat' dir='ltr'>VMOOXXXV</span> <span class='ocrx_word' id='word_1_237' title='bbox 634 3649 788 3713; x_wconf 71' lang='lat' dir='ltr'><strong>neamus</strong></span> <span class='ocrx_word' id='word_1_238' title='bbox 811 3667 984 3712; x_wconf 75' lang='lat' dir='ltr'><strong>menarum</strong></span> <span class='ocrx_word' id='word_1_239' title='bbox 1004 3645 1123 3710; x_wconf 85' lang='lat' dir='ltr'>XXIII</span> <span class='ocrx_word' id='word_1_240' title='bbox 1146 3667 1229 3724; x_wconf 77' lang='lat' dir='ltr'><strong>aurs,</strong></span> <span class='ocrx_word' id='word_1_241' title='bbox 1252 3667 1428 3712; x_wconf 77' lang='lat' dir='ltr'><strong>anrvrcnus</strong></span> 
     </span>
     <span class='ocr_line' id='line_1_32' title="bbox 802 3753 956 3815; baseline -0.019 0"><span class='ocrx_word' id='word_1_242' title='bbox 802 3753 956 3815; x_wconf 82' lang='lat' dir='ltr'><strong>Auausrr.</strong></span> 
     </span>
    </p>
   </div>
   <div class='ocr_carea' id='block_1_5' title="bbox 328 4020 1428 4185">
    <p class='ocr_par' dir='ltr' id='par_1_7' title="bbox 328 4020 1428 4185">
     <span class='ocr_line' id='line_1_33' title="bbox 360 4020 1425 4095; baseline -0.008 -15"><span class='ocrx_word' id='word_1_243' title='bbox 360 4030 375 4059; x_wconf 73' lang='lat'><em>⁶</em></span> <span class='ocrx_word' id='word_1_244' title='bbox 384 4027 425 4082; x_wconf 86' lang='lat' dir='ltr'><strong>To</strong></span> <span class='ocrx_word' id='word_1_245' title='bbox 436 4029 489 4082; x_wconf 85' lang='lat' dir='ltr'><strong>this</strong></span> <span class='ocrx_word' id='word_1_246' title='bbox 502 4027 574 4081; x_wconf 87' lang='lat' dir='ltr'><strong>word</strong></span> <span class='ocrx_word' id='word_1_247' title='bbox 593 4027 621 4079; x_wconf 95' lang='lat' dir='ltr'><strong>in</strong></span> <span class='ocrx_word' id='word_1_248' title='bbox 633 4026 678 4078; x_wconf 89' lang='lat' dir='ltr'><strong>the</strong></span> <span class='ocrx_word' id='word_1_249' title='bbox 691 4025 795 4095; x_wconf 84' lang='lat' dir='ltr'><strong>margin</strong></span> <span class='ocrx_word' id='word_1_250' title='bbox 808 4025 839 4078; x_wconf 82' lang='lat' dir='ltr'><strong>ol</strong></span> <span class='ocrx_word' id='word_1_251' title='bbox 848 4025 892 4078; x_wconf 88' lang='lat' dir='ltr'><strong>the</strong></span> <span class='ocrx_word' id='word_1_252' title='bbox 913 4023 972 4076; x_wconf 90' lang='lat' dir='ltr'><strong>MS.</strong></span> <span class='ocrx_word' id='word_1_253' title='bbox 985 4023 1009 4075; x_wconf 90' lang='lat' dir='ltr'><strong>is</strong></span> <span class='ocrx_word' id='word_1_254' title='bbox 1030 4021 1172 4092; x_wconf 85' lang='lat' dir='ltr'><strong>appended</strong></span> <span class='ocrx_word' id='word_1_255' title='bbox 1184 4020 1229 4074; x_wconf 83' lang='lat' dir='ltr'><strong>the</strong></span> <span class='ocrx_word' id='word_1_256' title='bbox 1247 4030 1320 4085; x_wconf 86' lang='lat' dir='ltr'><strong>note,</strong></span> <span class='ocrx_word' id='word_1_257' title='bbox 1336 4025 1353 4053; x_wconf 76' lang='lat'><strong>‘¹</strong></span> <span class='ocrx_word' id='word_1_258' title='bbox 1364 4020 1425 4074; x_wconf 86' lang='lat' dir='ltr'><strong>Alio</strong></span> 
     </span>
     <span class='ocr_line' id='line_1_34' title="bbox 328 4107 1428 4185; baseline -0.008 -17"><span class='ocrx_word' id='word_1_259' title='bbox 328 4115 392 4168; x_wconf 89' lang='lat' dir='ltr'><strong>dum</strong></span> <span class='ocrx_word' id='word_1_260' title='bbox 400 4116 550 4185; x_wconf 84' lang='lat' dir='ltr'><strong>impransus</strong></span> <span class='ocrx_word' id='word_1_261' title='bbox 561 4114 654 4168; x_wconf 65' lang='lat' dir='ltr'><strong>uenire</strong></span> <span class='ocrx_word' id='word_1_262' title='bbox 666 4113 851 4166; x_wconf 85' lang='lat' dir='ltr'><strong>noluitcontra</strong></span> <span class='ocrx_word' id='word_1_263' title='bbox 862 4111 1027 4164; x_wconf 87' lang='lat' dir='ltr'><strong>voluntatem</strong></span> <span class='ocrx_word' id='word_1_264' title='bbox 1039 4108 1194 4178; x_wconf 83' lang='lat' dir='ltr'><strong>eligentis&amp;</strong></span> <span class='ocrx_word' id='word_1_265' title='bbox 1206 4107 1298 4160; x_wconf 86' lang='lat' dir='ltr'><strong>divina</strong></span> <span class='ocrx_word' id='word_1_266' title='bbox 1306 4108 1428 4160; x_wconf 77' lang='lat' dir='ltr'><strong>volunta-</strong></span> 
     </span>
    </p>
   </div>
   <div class='ocr_carea' id='block_1_6' title="bbox 327 4202 546 4272">
    <p class='ocr_par' dir='ltr' id='par_1_8' title="bbox 327 4202 546 4272">
     <span class='ocr_line' id='line_1_35' title="bbox 327 4202 546 4272; baseline -0.009 -16"><span class='ocrx_word' id='word_1_267' title='bbox 327 4210 353 4256; x_wconf 84' lang='lat' dir='ltr'><strong>te</strong></span> <span class='ocrx_word' id='word_1_268' title='bbox 367 4203 514 4272; x_wconf 86' lang='lat' dir='ltr'><strong>reprobata.</strong></span> <span class='ocrx_word' id='word_1_269' title='bbox 530 4202 546 4223; x_wconf 86' lang='lat'><strong>’&#39;</strong></span> 
     </span>
    </p>
   </div>
   <div class='ocr_carea' id='block_1_7' title="bbox 0 0 1526 5134">
    <p class='ocr_par' dir='ltr' id='par_1_9' title="bbox 0 0 1526 5134">
     <span class='ocr_line' id='line_1_36' title="bbox 0 0 1526 5134; baseline 0 4"><span class='ocrx_word' id='word_1_270' title='bbox 0 0 1526 5134; x_wconf 95' lang='lat' dir='ltr'><strong> </strong></span> 
     </span>
    </p>
   </div>
  </div>
 </body>
</html>
