3042 5134
448 504 452 510 ’
544 513 733 578 Cnnorucou
750 510 796 578 11.
1160 513 1221 578 185

106 679 238 744 teneret.
284 679 366 745 Idem
380 682 553 766 juraverunt
573 690 603 746 et
627 683 825 748 affidaverunt
844 683 992 748 Robertus
1017 707 1115 749 comes
1131 685 1221 750 Gloa-

108 782 232 846 cestria
253 789 285 846 et
305 783 434 847 Brianus
455 782 493 848 de
514 781 742 868 Wallingeiord.
775 785 867 848 vMilo
891 793 992 869 postca
1009 808 1107 851 comes
1131 787 1224 851 Here·

107 882 222 949 iordiae
236 892 267 948 et
281 886 420 950 nonnulli
439 885 499 949 alii.
563 885 630 950 Nec
652 885 799 950 dubitavit
822 887 985 972 episeopus,
1008 889 1225 973 imperatricem

110 988 146 1052 in
162 987 316 1051 dominam
332 988 454 1073 Angliae
468 989 597 1072 recipere
618 995 649 1051 et
668 990 695 1051 ei
710 989 832 1052 nitidare
848 991 926 1073 quod
942 991 1006 1086 ipsa
1028 999 1145 1075 pactum
1160 1013 1222 1055 uon

112 1089 306 1175 infringeret,
321 1090 384 1174 ipse
399 1112 518 1174 quoque
534 1091 562 1154 ei
576 1088 667 1153 iidem
688 1089 859 1156 custodiret.
916 1092 1061 1170 Crastino,
1078 1093 1158 1176 quod
1169 1093 1228 1157 luit

114 1193 229 1276 quinto
241 1210 335 1256 nonas
349 1177 470 1268 Martii,
487 1192 651 1255 honorilice
665 1198 767 1255 sancta
786 1194 971 1276 processione
987 1201 1103 1278 recepta
1126 1199 1173 1259 est
1193 1195 1226 1258 in

114 1293 246 1356 ecclesia
271 1293 463 1381 episcopatus
473 1293 647 1357 Wintoniae.
696 1293 801 1356 Paucis
816 1299 884 1378 post
895 1293 1000 1358 diebus
1014 1295 1227 1379 archiepiscopi

117 1393 294 1458 Cautuariae
307 1392 472 1458 Theobaldi
486 1401 519 1457 et
532 1395 665 1458 omnium
677 1395 882 1478 episcoporum
895 1394 1013 1480 Anglioe
1024 1401 1055 1460 et
1066 1396 1228 1459 multorum

114 1495 264 1560 abbatum
286 1496 384 1580 legato
396 1495 549 1580 :praesente
561 1495 725 1560 Wintoniae
744 1497 860 1580 ingenti
879 1495 1023 1580 adparatu
1044 1497 1224 1562 celebratum

115 1599 151 1662 in
167 1620 230 1682 quo
246 1599 577 1662 excommunicaverunt
591 1589 702 1661 multos
725 1599 777 1682 qui
792 1599 939 1681 regiarum
955 1605 1039 1662 eraut
1053 1599 1180 1682 partium
1196 1603 1227 1661 et

117 1698 302 1764 nominatim
319 1697 514 1763 Willielmum
538 1699 718 1763 Martellum.
765 1695 909 1784 Pleraque
934 1723 1001 1784 pars
1020 1699 1137 1785 Angliae
1164 1700 1229 1784 dig-

117 1809 230 1866 nanter
258 1800 446 1865 dominatum
475 1803 668 1886 imperatricis
698 1801 886 1886 suscipiebat.
932 1801 1041 1867 Tantae
1062 1803 1121 1866 tuit
1143 1802 1229 1866 molis

118 1903 382 1968 londoniensium
409 1905 522 1968 animos
546 1904 727 1988 permulcere
750 1927 845 1988 posse,
870 1912 905 1969 ut
927 1905 978 1969 vix
1000 1906 1101 1990 paucis
1126 1904 1230 1968 diebus

120 2011 195 2070 ante
217 2005 403 2072 nativitatem
423 2005 505 2069 beati
520 2006 539 2068 J
541 2005 676 2082 ohannis,
691 2005 908 2088 imperatricem
924 2007 1116 2090 susciperent.
1161 2005 1229 2069 Nec

123 2107 235 2171 multis
245 2114 314 2192 post
329 2107 433 2171 diebus
448 2107 574 2170 surrexit
585 2101 720 2169 simultas
729 2107 808 2182 inter
819 2106 950 2190 legatum
962 2113 992 2170 et
1003 2106 1227 2192 imperatricem.

122 2211 261 2296 Legatos
287 2211 461 2274 comitatum
484 2210 703 2273 Bononiensem
727 2215 758 2272 et
780 2209 1024 2273 Moritouieusem
1044 2209 1147 2293 nepoti
1172 2231 1227 2272 suo

120 2312 290 2378 Eustochio
302 2313 369 2397 jure
384 2311 515 2377 dandum
531 2312 703 2389 destinavit,
715 2311 787 2374 dum
797 2317 880 2394 pater
895 2312 927 2374 in
942 2333 1055 2376 carcere
1069 2315 1229 2388 teneratur,

119 2415 308 2500 imperatrice
323 2436 443 2500 prorsus
465 2414 624 2478 abnuente.
683 2412 754 2487 Qua
775 2414 826 2477 ille
849 2411 981 2477 ollensus
1002 2413 1110 2497 injuria
1124 2410 1227 2474 multis

121 2517 231 2582 dicbus
246 2517 283 2582 ab
298 2519 362 2603 ejus
383 2516 528 2582 abstinuit
550 2517 639 2580 curia.
685 2516 804 2580 Interea
825 2515 952 2579 lacrimis
974 2521 1005 2578 et
1026 2513 1225 2578 satisfactione

121 2621 236 2704 reginae
257 2619 356 2683 fratris
378 2641 469 2683 uxore
490 2619 633 2682 intractus
655 2617 692 2681 ad
714 2617 915 2681 liberationem
940 2615 1071 2700 germani
1093 2618 1224 2678 animum

122 2720 266 2798 intendit,
282 2742 444 2804 omnesque
466 2742 540 2803 quos
562 2720 869 2783 excommunicaverat
883 2717 1058 2782 inconsultis
1079 2715 1224 2800 episcopis

123 2823 263 2888 absolvit.
308 2822 486 2906 Imperatrix
500 2822 633 2906 legatum
649 2821 724 2884 nibil
740 2821 831 2885 molle
846 2821 882 2884 ad
902 2843 968 2884 suas
982 2825 1080 2904 partes
1095 2818 1225 2904 oogItare

122 2924 304 3007 intelligens,
319 2924 482 2988 Wintoniae
496 2925 597 2988 veuit:
622 2924 683 2986 illic
704 2924 783 2986 intra
803 2923 957 2988 castellum
976 2922 1091 3005 regium
1106 2926 1225 3004 recept-a

124 3033 182 3090 est.
230 3025 337 3089 Statim
350 3024 466 3109 legatus
481 3034 600 3110 propter
615 3048 717 3089 omues
733 3026 814 3088 misit
835 3047 909 3108 quos
924 3025 986 3107 regi
1001 3025 1135 3088 fauturos
1151 3021 1225 3085 scic·

124 3128 189 3193 bat.
236 3129 392 3192 Venerunt
417 3150 487 3212 ergo
510 3150 612 3192 omnes
631 3128 693 3191 iere
713 3129 835 3192 comites
856 3125 992 3213 Angliae3
1013 3133 1097 3192 erant
1123 3147 1225 3189 omnes

118 3231 246 3314 juvenes
269 3237 300 3294 et
323 3231 402 3294 leves
426 3237 456 3293 et
478 3231 531 3313 qui
552 3230 674 3293 mallent
705 3231 923 3313 equitationum
953 3229 1104 3292 discursus
1133 3249 1223 3310 quam

120 3353 235 3416 pacem.
280 3332 426 3396 Praeterea
450 3333 549 3417 plures
574 3353 677 3394 eorum
704 3331 820 3395 confusi
844 3329 923 3414 quod
946 3353 1046 3412 regem
1063 3327 1223 3393 bellantem

123 3435 326 3512 deseruerant,
340 3443 488 3499 conventu
497 3436 549 3499 illo
558 3436 638 3519 fugae
650 3458 711 3499 suae
721 3434 913 3519 opprobrium
925 3433 1018 3497 lenire
1034 3434 1224 3498 conabantur.

124 3537 221 3602 Pauci
235 3559 308 3600 cum
322 3537 507 3621 imperatrice
523 3544 731 3614 convenerant,
751 3559 803 3600 rex
822 3536 929 3600 Scotiae
950 3536 1059 3615 David,
1076 3536 1225 3600 Robertus

124 3661 225 3703 comes
245 3639 444 3715 Gloeeestriae,
471 3640 544 3703 Milo
567 3639 753 3703 Heraiordiae
768 3645 798 3701 et
817 3637 941 3702 barones
958 3638 1046 3722 pauci
1054 3665 1064 3716 ;
1079 3636 1226 3701 Rauulius

123 3763 224 3806 comes
247 3741 367 3804 Cestriae
381 3741 465 3805 tarde
490 3750 520 3805 et
545 3741 692 3805 inutiliter
708 3741 801 3805 veuit.
846 3741 888 3804 Et
911 3746 947 3803 ut
971 3761 1108 3822 maguam
1123 3739 1228 3801 seriem

123 3865 225 3908 rerum
241 3841 322 3906 brevi
337 3841 492 3906 verborum
509 3844 683 3926 compendio
703 3843 859 3927 explicem,
876 3865 892 3906 a
907 3841 1008 3925 regina
1023 3847 1053 3905 et
1068 3838 1227 3903 comitibus

123 3946 177 4030 qui
187 3951 327 4008 venerant
344 3943 423 4008 foras
438 3967 539 4008 muros
557 3944 717 4010 Wiutoniae
733 3945 876 4009 obseratae
886 3949 957 4007 sunt
967 3944 1022 4007 viae
1038 3965 1075 4006 nc
1090 3940 1229 4005 victualia

118 4047 312 4132 imperatricis
327 4045 467 4110 fidelibus
481 4047 668 4111 inferrentur.
684 4046 792 4112 Comes
803 4047 915 4110 interea
926 4044 1116 4108 Gloeoestriae
1130 4041 1231 4125 iudig-

118 4151 247 4215 nitatem
262 4151 304 4214 rei
326 4150 403 4214 ultra
425 4171 487 4214 nou
501 4149 598 4214 ferens
618 4171 649 4214 se
673 4171 803 4232 suosque
823 4147 951 4212 obsideri
971 4152 1000 4211 et
1023 4146 1173 4212 fortunam
1196 4145 1229 4209 iu
