3042 5134
406 384 409 387 Ι
492 432 683 505 Uunourmr‘u
700 429 744 503 ll.
1133 431 1194 507 llf

96 603 148 676 sul
163 632 253 677 causa
267 603 343 696 patri
357 600 602 689 adversabantur,
623 611 802 675 reconciliati
821 617 893 676 sunt
914 612 951 690 ei,
971 601 1082 676 seilicet
1101 611 1201 676 Ricar—

96 715 156 779 dus
170 737 271 778 comes
287 714 461 779 Pictavinns
476 720 506 776 et
523 713 678 778 Galfridus
693 725 794 777 co'mes
809 713 980 779 Briton'u'rt'r.

143 814 373 884 MoCLXXVo.
406 818 654 883 MoCLXXVlo.
669 818 879 883 Convenerunt
891 819 1112 905 archiepiscopi,
1124 818 1199 903 epis»

98 917 176 1007 copi,
195 920 327 1000 abbates,
346 922 457 1007 priores
480 921 655 1005 Anglicanae
676 919 816 999 ecclesiae,
837 915 872 984 II
891 921 959 986 idus
981 919 1093 999 Martii,
1118 917 1198 1006 apud

101 1018 409 1100 westmonasterium,
421 1025 596 1088 auctoritate
606 1023 746 1108 Hugouis
759 1023 927 1108 apostolicae
939 1023 1016 1088 sedis
1026 1023 1118 1108 legati
1128 1033 1199 1086 corl-

97 1123 201 1188 cilium
225 1116 409 1189 celebraturi.
439 1125 635 1209 Congregatis
656 1127 757 1210 itaque
780 1125 859 1188 facta
875 1133 919 1189 est
944 1126 1096 1189 contentio
1117 1126 1195 1188 inter

102 1225 266 1292 Ricardum
288 1228 455 1293 Cantuarise
473 1229 726 1313 archiepiscopum
746 1234 777 1292 et
797 1229 948 1312 Rogarem
970 1220 1197 1304 Eboraeensem,

98 1330 168 1412 quis
197 1352 299 1394 eorum
328 1331 405 1395 sedis
433 1332 621 1416 prorogativa
649 1331 741 1394 alium
777 1331 810 1393 iu
837 1329 965 1394 conmlio
1003 1329 1200 1414 precederetr

99 1429 234 1517 adeoque
244 1433 369 1497 invaluit
379 1433 521 1497 dissensio
537 1440 571 1496 nt
587 1431 782 1497 llboracensis
798 1432 834 1496 de
849 1432 918 1496 sede
939 1454 1026 1516 quam
1040 1454 1202 1516 praesump=

98 1541 185 1598 tuose
199 1542 392 1620 occupaverat
401 1558 471 1600 cum
485 1535 659 1600 confusione
673 1543 704 1599 et
718 1535 898 1599 contumelia
910 1535 1010 1598 scissis
1025 1541 1056 1597 et
1069 1533 1200 1597 vestibus

100 1631 283 1715 dejiceretur.
327 1634 445 1699 Infecto
460 1633 552 1719 igitur
567 1635 687 1718 negotio
701 1655 755 1718 pro
772 1656 831 1717 quo
845 1632 1026 1698 advenerant
1040 1631 1151 1716 singuli
1163 1632 1201 1696 ad

99 1734 218 1819 propria
234 1744 413 1800 remearunt
1135 1772 1137 1778 ι

144 1833 210 1898 Rex
222 1834 369 1900 Henrieus
380 1835 417 1898 II
430 1835 525 1899 filiam
539 1848 623 1899 suam
635 1825 806 1898 «Iohannem
822 1835 898 1918 Regi
914 1833 1023 1898 Sicilia
1037 1833 1201 1901 Willielmo

102 1936 284 2002 matrimonii
297 1937 363 2022 lege
377 1937 537 2022 copulavit.
567 1934 640 2010 Quo
655 1944 774 2000 mortuo
789 1936 901 2021 absque
915 1936 1014 2000 liberis
1036 1960 1072 2000 ex
1086 1957 1122 1998 ca
1136 1959 1197 1998 sus-

102 2035 207 2119 ceptis,
223 2037 325 2120 nupsit
335 2036 436 2098 eomiti
452 2035 489 2098 de
509 2041 611 2098 sancto
629 2034 739 2118 Egidio
760 2035 895 2097 tradente
910 2055 974 2097 eam
989 2056 1058 2118 rege
1074 2035 1201 2100 Ricardo

101 2136 193 2202 fratre
207 2160 272 2202 suo.
301 2137 386 2201 Obiit
402 2136 545 2201 Rieardns
569 2159 667 2199 eomes
681 2137 714 2199 in
731 2135 894 2221 Hybcruia.

145 2231 430 2304 Moconxxvssa
476 2239 624 2302 Henricus
639 2239 675 2302 Il
691 2260 740 2301 rex
753 2239 872 2322 Angliae
884 2238 1016 2302 ordinem
1030 2239 1196 2323 regularem

102 2338 135 2406 in
146 2342 495 2406 ecclesiaWalthameusi
506 2341 647 2405 instituit.
663 2342 760 2406 Eleeti
772 2347 844 2404 sunt
858 2347 959 2404 autem
969 2342 1104 2406 canonici
1119 2343 1198 2407 idem

100 2445 140 2508 de
154 2443 250 2509 tribus
264 2445 349 2523 locis,
362 2443 474 2508 scilicet
488 2442 655 2507 deecclesia
665 2450 775 2507 sanetae
790 2443 904 2507 Osituae
917 2450 947 2506 et
962 2443 999 2507 de
1014 2443 1155 2510 Cicestria
1170 2454 1201 2510 et

101 2549 139 2612 de
154 2547 290 2612 Oseneie.

144 2647 433 2714 MoCLXXVlIIu.
457 2648 516 2712 Res
530 2639 655 2732 insignis
664 2638 812 2726 memoriae
828 2635 906 2731 apud
918 2636 1125 2712 «ierosolimam
1136 2653 1201 2711 aeta

99 2761 157 2818 est.
200 2753 376 2837 Postquam
390 2753 557 2838 Phidippus
577 2777 676 2818 comes
691 2754 839 2817 Plaudriae
857 2762 887 2818 et
907 2754 1082 2818 Willielmus
1102 2776 1199 2817 comes

100 2857 140 2921 de
154 2856 338 2920 Mandavilla
356 2862 464 2920 terram
483 2856 504 2918 J
505 2856 728 2920 erosolimorum
743 2857 869 2940 ingressi
889 2863 969 2930 sunt,
985 2864 1052 2942 post
1067 2857 1199 2939 aliquan-

100 2966 168 3022 tum
182 2959 322 3042 temporis
336 2964 437 3022 coacta
451 2958 532 3021 omui
552 2957 656 3021 militia
671 2958 799 3022 civitatis
812 2958 831 3020 J
834 2959 973 3022 erusalim
990 2959 1115 3042 proiecti
1128 2965 1199 3021 sunt

100 3060 140 3124 ad
172 3060 399 3145 expugnandam
428 3059 577 3123 civitatem
606 3081 673 3142 quaa
702 3059 811 3122 dicitur
839 3061 974 3142 Hareng„
1020 3060 1112 3124 Quod
1148 3058 1199 3122 ubi

104 3162 263 3227 Solidanus
273 3162 427 3226 Persarum
442 3160 585 3244 comperit
599 3161 747 3223 civitatem
764 3161 832 3222 viris
847 3161 968 3224 virtutis
988 3180 1052 3224 esse
1074 3181 1197 3224 vacuam

101 3287 159 3329 nec
180 3263 237 3328 sibi
251 3284 339 3348 posse
354 3263 506 3340 resistere,
520 3262 749 3346 circumquaque
766 3263 918 3346 suppetias
932 3262 1100 3346 efflagitans
1118 3285 1192 3324 uuu-

101 3369 159 3432 tios
182 3366 298 3444 direxit,
321 3373 352 3428 ct
374 3357 411 3428 de
432 3366 563 3437 victoria,
589 3365 723 3428 nondum
745 3363 849 3428 habita
870 3387 980 3448 pugna,
1003 3387 1195 3448 praesumere,

100 3479 210 3534 terram
239 3467 373 3532 noudum
396 3490 560 3551 possessam
581 3467 722 3530 exercitui
748 3489 878 3550 suuper
908 3475 1001 3530 sortes
1035 3466 1195 3531 distribuit.

100 3574 210 3638 Coacta
219 3573 313 3656 igitur
328 3570 522 3634 multitudine
537 3592 598 3633 non
614 3592 712 3654 parva,
728 3591 824 3652 usque
841 3569 877 3632 ad
894 3576 1011 3634 sextum
1026 3570 1194 3634 milliarium

99 3675 136 3740 ab
160 3674 322 3739 Ierusalem
342 3679 438 3736 castra
461 3673 600 3744 admovit,
618 3671 727 3735 nostris
747 3671 845 3734 adhue
865 3692 897 3734 rc
917 3671 1079 3756 incognita.
1124 3672 1197 3736 Post

99 3795 190 3859 quam
200 3795 270 3836 vero
281 3773 323 3836 eis
336 3793 381 3834 res
391 3771 532 3846 innotuit,
548 3769 677 3854 periculo
689 3770 751 3854 jam
763 3771 913 3854 propriore
927 3770 1088 3848 conterriti,
1106 3772 1195 3855 pluri·-

98 3878 246 3942 rimornm
268 3873 434 3937 fluctuante
458 3872 613 3948 sententia,
630 3895 668 3934 au
690 3873 722 3934 iu
743 3872 864 3936 civitate
884 3895 915 3936 se
930 3871 1058 3935 obsideri
1073 3875 1195 3956 perurit²

97 3983 206 4050 terent,
230 3998 268 4038 au
293 3974 412 4038 obviam
440 3973 574 4037 hostibus
588 3974 782 4058 procederent
793 4000 803 4051 ς
829 3974 949 4037 tandem
975 3976 1195 4040 communicato

96 4079 231 4155 consiliu,
241 4075 425 4162 praecedente
440 4083 549 4141 sanetae
563 4074 791 4222 crucisgvexillo,
807 4075 843 4137 de
858 4075 979 4139 civitate
992 4077 1134 4156 exierunt,
1146 4079 1195 4140 virt

633 4165 651 4223 2
