3042 5134
534 470 728 537 Onnonrcon
744 470 773 535 Ι.
1156 472 1195 541 97

85 634 228 705 illiterato
254 639 357 704 sabito
372 640 468 704 factus
481 640 662 724 intelligens,
687 638 805 723 scripsit
819 658 909 722 anper
922 638 1135 727 Apmclnpaim,
1164 652 1203 710 st.

82 744 259 823 Apertienea
268 744 445 827 Sipitdrrnm
458 765 512 827 per
534 742 699 827 praeteritas
725 740 968 827 persequutiones
995 742 1192 830 distinguens,

85 845 311 928 quodammodo
326 846 452 909 Novum
466 846 689 909 Testamentum
705 836 808 908 Veteri
824 838 1018 910 Testamento
1043 864 1193 932 compara·

85 948 142 1025 vit,
175 954 207 1011 et
221 947 300 1012 diem
324 947 439 1011 sancii
466 947 599 1031 proxime
621 947 755 1010 futuram
782 948 967 1025 asseveravit,
995 950 1065 1033 quia
1094 950 1192 1015 ultimi

85 1050 182 1133 sigilli
196 1050 320 1134 apertio,
335 1050 367 1113 in
382 1072 442 1133 quo
467 1048 671 1113 Antichristus
694 1056 837 1112 venturus
861 1056 933 1128 erat,
963 1071 980 1113 e
1000 1050 1101 1116 limine
1129 1053 1192 1138 jam

86 1152 270 1215 immineret.

130 1253 324 1319 Gaurnruus
348 1276 466 1339 quoque
495 1252 746 1332 meisiodorensis,
764 1254 914 1338 quondam
940 1254 1030 1321 abbas
1044 1256 1190 1323 Olareval-

84 1356 191 1434 lensis,
206 1378 296 1439 snper
320 1357 525 1441 Apoedpprim
540 1362 761 1421 commentatus
774 1363 829 1435 est,
845 1363 880 1421 ut
895 1357 990 1421 visum
1015 1365 1070 1437 est,
1087 1360 1195 1425 discre-

85 1459 162 1523 tius.
208 1458 272 1521 Alii
291 1481 410 1543 qnoque
425 1458 607 1543 scripserunt
629 1458 853 1543 compilationes
868 1458 971 1524 varias
1020 1461 1192 1527 Itanumus

80 1562 119 1624 N
120 1580 203 1625 rann
238 1561 356 1644 scripsit
391 1562 505 1641 Septem
545 1561 669 1641 Dtpestn
714 1584 801 1643 snper
828 1562 1026 1643 Heptctn'onnr.
1070 1562 1194 1650 Scripsit

84 1671 116 1727 et
133 1664 270 1727 Mernttn
284 1665 403 1744 Bepara
421 1669 452 1726 et
466 1664 601 1747 Itpitem
620 1664 730 1727 Vetenssa
755 1665 937 1741 Testamenti,
958 1664 989 1728 in
1007 1667 1194 1747 Pnrothnom-

84 1789 174 1843 enon,
190 1772 221 1829 et
235 1765 454 1827 Remedieriam
469 1766 501 1827 in
515 1766 649 1827 Esdram
710 1764 836 1849 Scripsit
851 1766 938 1829 etiam
956 1766 1082 1832 Librum
1097 1770 1133 1832 de
1148 1772 1193 1833 Re

84 1868 228 1933 Militari
241 1874 272 1931 et
288 1868 391 1930 Pn’bnn
404 1868 461 1930 nita
485 1867 740 1947 Perepre'nntienis
768 1868 1051 1952 Hieroaotprnitnnoe,
1072 1876 1103 1933 et
1117 1870 1192 1935 Lib·

85 1987 158 2029 rum
173 1964 226 2027 De
243 1965 376 2033 antner
388 1965 609 2027 retineantur
626 1964 726 2027 Bentee
739 1964 852 2027 Marta
871 1966 1010 2046 Virpt'nis,
1027 1973 1056 2030 et
1067 1967 1192 2032 Librum

86 2070 136 2131 De
151 2066 447 2147 Interpretetienitus
460 2067 652 2129 Hetnoeornn
676 2067 846 2131 Nominum.
907 2068 1055 2134 Sonrrsrr
1070 2090 1108 2135 nr
1123 2092 1194 2137 nno

86 2170 273 2234 Cancrum.

154 2272 231 2335 Post
245 2270 403 2335 Urbanam
418 2272 496 2336 sedit
510 2272 683 2358 Gregorius,
699 2280 730 2337 et
744 2279 814 2358 post
828 2294 895 2337 eum
912 2272 1048 2339 Clemens
1063 2272 1191 2355 Tertius,

85 2380 201 2460 etpost
212 2374 460 2438 eumCalestinus
475 2376 590 2448 tertius,
600 2377 654 2459 qui
668 2377 820 2440 coronavit
835 2376 1001 2440 Henrieum
1009 2376 1105 2440 filium
1123 2378 1194 2441 Fr'e·

85 2478 183 2542 (leuci
195 2478 391 2561 imperatoris,
400 2478 607 2563 imperatorem
621 2479 800 2556 Romanum,
810 2486 931 2563 aceepta
939 2479 1108 2543 Tusculano
1122 2481 1195 2545 etin

84 2579 191 2665 vigilia
214 2580 338 2644 Paschae
353 2580 453 2645 statim
478 2580 594 2645 reddita
609 2581 751 2644 Romanis
769 2582 806 2645 ad
825 2581 1048 2659 destruendum,
1064 2590 1099 2645 ut
1115 2583 1193 2646 dice·

85 2684 189 2759 batur,
202 2706 239 2746 ex
262 2687 348 2766 pacto
370 2683 553 2761 Clementis;
570 2681 822 2747 subsannantibus
847 2682 985 2748 omnibus
1010 2681 1097 2748 bonis
1112 2684 1192 2762 viris,

86 2785 173 2871 quod
187 2784 302 2869 asylum
317 2784 459 2849 Ecclesiae
474 2784 616 2849 Romanae
631 2784 846 2848 destrueretur·

131 2888 221 2951 Inter
245 2886 394 2950 Occiduos
420 2886 578 2972 principes,
605 2887 666 2969 qui,
691 2886 788 2971 gratia
811 2886 977 2951 Palestinae
991 2885 1151 2953 liberandae
1178 2912 1194 2954 a

88 2991 228 3076 paganis,
257 2989 381 3054 Crucem
416 2997 602 3074 acceperunt,
639 2988 814 3053 Frederious
850 2988 1010 3074 imperator
1031 2990 1193 3070 Romanus,

88 3092 229 3159 felicibus
240 3092 377 3177 auspiciis
386 3092 500 3176 primus
511 3099 585 3156 tunc
598 3093 733 3177 arripnit,
743 3091 825 3176 quod
836 3097 934 3155 tamen
951 3091 1026 3155 duro
1040 3092 1101 3156 fine
1114 3114 1193 3156 eom*

86 3196 192 3283 plevit.
228 3195 331 3265 Quum
346 3195 425 3258 enim
440 3195 491 3259 alii
506 3196 659 3279 Principes
676 3219 693 3259 a
719 3194 862 3279 subjectis
877 3196 938 3258 suis
954 3194 1080 3256 decimas
1096 3215 1193 3256 rerum

87 3299 248 3365 mobilium
263 3305 294 3362 et
309 3320 340 3361 se
355 3298 539 3363 moventium
566 3299 770 3376 extorsissent,
791 3296 842 3361 ille
858 3297 895 3361 de
910 3296 1036 3379 singulis
1053 3295 1191 3359 domibus

88 3402 215 3468 ditionis
229 3424 292 3465 suae
306 3422 400 3465 unum
417 3402 569 3465 denarium
584 3424 699 3465 sumere
722 3405 880 3463 contentus
902 3398 969 3475 luit,
989 3404 1021 3461 ot
1035 3420 1070 3460 eo
1099 3398 1195 3482 pretio

88 3507 199 3570 fierent
213 3503 371 3589 participes
383 3526 446 3567 suae
460 3504 716 3588 peregrinationis.
752 3502 885 3565 Veniens
897 3502 991 3584 igitur
1005 3500 1037 3563 in
1052 3503 1193 3565 Romani-

88 3630 148 3685 am,
165 3607 236 3691 quia
251 3606 418 3690 Imperator
427 3606 777 3689 Constantinopolitanns
792 3604 889 3667 foedus
906 3604 1011 3667 inierat
1026 3627 1097 3668 oum
1113 3606 1193 3668 Sala·

90 3712 174 3790 dine,
198 3711 332 3795 principe
357 3711 506 3787 Damasci,
531 3718 562 3773 et
583 3712 696 3774 Tereos
721 3700 907 3792 Mauripulos
927 3730 995 3771 cum
1023 3710 1084 3773 ritu
1109 3732 1192 3794 spur-

89 3815 169 3878 citiae
183 3814 285 3877 cultus
310 3814 355 3876 sui
372 3813 529 3877 admiserat
543 3814 575 3876 in
602 3836 685 3876 suam
707 3811 866 3887 civitatem,
892 3810 1001 3874 indixit
1028 3812 1055 3874 ei
1069 3810 1191 3874 bellum.

90 3917 230 3987 Quasita
240 3916 334 4001 igitur
349 3938 456 4001 magna
470 3923 553 4001 parte
568 3916 731 3993 Romania,
749 3915 868 3978 demum
884 3914 1001 3977 obsedit
1024 3914 1193 3977 Constanti-

91 4020 235 4104 nopolim,
251 4031 282 4083 et
296 4019 398 4104 adegit
412 4021 619 4105 imperatorem
632 4020 719 4083 illum
733 4018 770 4083 ad
786 4040 885 4102 pacem
898 4016 1066 4081 faciendum
1082 4038 1192 4092 secum,

87 4145 180 4207 quam
203 4123 268 4207 ipse
294 4122 443 4187 dictasset.
504 4123 624 4189 Omissa
645 4144 715 4187 vero
739 4143 828 4186 causa
855 4120 911 4183 Dei
941 4118 978 4182 de
1000 4116 1194 4202 expurganda

624 4228 665 4289 13
