3042 5134
309 421 370 486 ns
523 387 530 400 ’
716 413 864 480 [tinum
892 412 996 478 Ninus

305 593 463 677 mitigaret.
507 588 547 652 In
570 586 655 673 cujus
682 587 814 656 advemu
844 587 980 650 universa
1002 585 1100 650 insula
1124 592 1273 650 commota
1297 593 1400 652 estet

303 692 503 760 contremuit:
526 691 622 776 reguli
644 691 670 754 si
693 691 814 774 quidem
838 690 919 754 illius
942 688 1044 773 petrini
1067 690 1128 754 iero
1148 711 1252 755 omnes
1277 688 1316 756 de
1339 690 1404 756 suis

304 794 417 862 viribus
439 792 609 858 diffidentes
637 793 791 878 praefatum
812 814 913 876 regem
942 791 1090 877 supplices
1119 792 1268 869 adierunt,
1298 815 1403 877 paoem

305 897 541 982 postulaverunt,
562 894 708 960 tributum
731 896 758 960 ci
779 894 904 979 singulis
927 895 1013 959 annis
1034 917 1065 958 se
1084 895 1205 958 datums
1236 895 1403 980 spospond-

303 1002 401 1060 erunt.
446 993 582 1064 Quornm
604 993 812 1077 supplicationi
832 1015 884 1058 rex
906 1015 1050 1070 annuens,
1073 999 1195 1077 accepto
1210 992 1247 1057 ab
1262 992 1406 1056 omnibus

304 1095 442 1180 homagio
462 1103 494 1159 et
518 1093 683 1171 obsidibus,
708 1095 741 1158 in
764 1117 836 1178 pace
855 1117 904 1158 eos
935 1094 973 1158 nd
997 1094 1115 1180 propria
1138 1093 1232 1158 redire
1254 1095 1401 1178 permisit.

321 1193 604 1262 ‘Mochxoun
644 1196 695 1259 Du
731 1216 906 1262 noansnno
934 1215 1093 1260 noninauo
1126 1215 1228 1260 unone
1260 1196 1406 1262 Nunnius

304 1301 442 1365 Domni.
455 1299 555 1364 Nocte
570 1297 678 1363 natalis
694 1299 815 1362 Domini
830 1299 965 1364 auditum
981 1305 1027 1362 est
1040 1299 1220 1364 horrendum
1236 1298 1406 1362 tonitruum

305 1425 357 1487 per
370 1410 461 1468 totam
480 1401 628 1486 Angliam,
643 1401 695 1465 sed
709 1407 740 1464 et
754 1402 982 1485 circumquaque
996 1403 1028 1464 in
1042 1401 1244 1466 transmarinis
1258 1399 1407 1486 partibus,

304 1501 432 1564 maxime
445 1506 546 1564 autem
560 1499 592 1564 in
609 1498 763 1563 Hibernia.
821 1499 903 1563 Nam
916 1499 958 1563 ibi
973 1521 1034 1563 non
1057 1499 1136 1564 sium
1158 1507 1247 1564 nocte
1261 1501 1330 1578 illa,
1355 1501 1409 1566 sed

304 1603 393 1667 etiam
407 1608 472 1666 tota
487 1602 535 1666 dic
555 1600 664 1666 natalis
686 1601 820 1677 Domini,
843 1607 1002 1684 tempestas
1024 1600 1075 1665 illa
1097 1601 1260 1686 perdurans
1283 1607 1407 1668 tantum

304 1704 454 1768 horrorem
469 1709 500 1766 et
514 1709 653 1765 terrorem
668 1701 795 1765 incussit
816 1700 1015 1780 audientibus,
1038 1710 1118 1766 utet
1133 1702 1170 1767 de
1190 1703 1254 1766 vita
1268 1703 1406 1788 despera·

304 1813 379 1868 rent
423 1803 536 1868 Eadem
550 1809 639 1866 nocte
653 1803 684 1866 in
700 1802 820 1886 Anglia,
835 1804 915 1887 apud
930 1802 1029 1868 villam
1046 1827 1112 1888 quae
1121 1805 1231 1870 dicitur
1241 1805 1408 1880 Andieurn,

304 1899 440 1966 sacerdos
454 1899 574 1984 quidam
588 1900 621 1963 in
635 1900 759 1964 ecclesia
773 1907 841 1965 ante
856 1900 947 1965 altare
961 1902 993 1966 in
1015 1903 1149 1967 oratione
1164 1910 1336 1988 prostratus
1349 1900 1409 1965 ful-

304 2002 394 2066 minis
407 2002 472 2066 ictu
486 2022 643 2087 percussus
658 2009 703 2065 est
717 2007 748 2064 et
761 2002 840 2064 circa
853 2001 957 2066 horam
975 2003 1035 2068 diei
1052 2026 1162 2068 nonum
1177 2005 1268 2068 vitam
1293 2003 1407 2068 finivit.

305 2103 364 2169 sed
385 2109 416 2168 et
437 2102 546 2168 laicum
567 2102 713 2187 quendam
743 2103 808 2186 ipsa
829 2111 917 2166 nocte
938 2112 968 2166 et
991 2105 1022 2168 in
1044 2104 1145 2168 eadem
1161 2105 1285 2170 eeclesia
1305 2104 1410 2188 fulgur

304 2228 393 2270 ruens
407 2205 552 2270 accendit.
588 2206 689 2270 Quem
701 2226 795 2287 quum
808 2204 897 2268 frater
912 2206 976 2290 ejus
991 2206 1043 2290 qui
1058 2207 1173 2272 astabat
1187 2207 1224 2272 ab
1239 2205 1409 2271 imminenti

303 2308 440 2374 incendio
452 2306 575 2372 liberare
590 2307 744 2384 niteretur,
757 2307 889 2392 ejusdem
900 2309 1031 2392 periculo
1046 2310 1203 2394 subjacuit.
1247 2310 1358 2393 Sicque
1369 2308 1408 2372 de

304 2407 363 2472 alio
376 2405 410 2470 in
423 2405 513 2470 alium
529 2427 618 2469 vorax
632 2403 753 2468 flemma
774 2407 972 2488 pertransiens
987 2407 1086 2492 plures
1109 2408 1244 2474 accendit
1258 2416 1290 2472 et
1304 2410 1408 2476 iucen-

304 2508 358 2574 dit.
378 2542 395 2594 s

347 2607 412 2672 Rex
429 2609 578 2674 Henricns
594 2606 640 2687 11,
654 2609 757 2672 locatis
774 2608 806 2672 iu
823 2609 966 2674 Hibernia
982 2609 1126 2674 militibus
1139 2611 1199 2675 suis
1214 2632 1267 2695 per
1282 2611 1406 2676 castella

305 2715 336 2774 et
349 2708 415 2772 loca
429 2710 597 2787 munitiora,
613 2721 745 2773 reversus
760 2717 806 2773 est
820 2711 852 2774 in
863 2711 1003 2796 Angiiam
1013 2718 1044 2774 et
1057 2713 1160 2796 paucis
1174 2713 1286 2776 exactis
1298 2711 1406 2776 diebus

305 2803 507 2868 transfretavit
525 2806 558 2869 in
572 2806 797 2870 Normanninm.

347 2905 462 2970 Eodem
477 2928 555 2970 anuo
568 2907 650 2972 filius
665 2909 729 2992 ejus
745 2908 897 2972 Henrions
911 2909 1005 2974 Ilius
1018 2932 1155 2975 eoronam
1175 2913 1308 2997 portavit
1325 2914 1408 2998 apud

305 3003 503 3081 Wintoniam,
517 3009 548 3068 et
563 3002 728 3088 Margarita
749 3005 813 3069 filia
836 3005 929 3090 Regis
950 3005 1104 3086 Lodovici,
1120 3015 1206 3072 antea
1221 3009 1319 3074 eidem
1341 3010 1407 3076 des·

306 3113 438 3190 ponasta,
473 3116 641 3171 consecrata
669 3115 714 3170 est
744 3107 776 3170 iu
806 3109 938 3192 reginam
970 3132 987 3171 a
1017 3108 1145 3174 Rotineo
1169 3111 1410 3198 Rothomagensi

304 3207 531 3292 archiepiscopo.

363 3307 614 3373 MoOLXXIIIo.
644 3309 694 3373 Du
715 3330 945 3376 sermennmun
967 3311 1221 3377 qununnsrnu
1250 3334 1287 3380 ru
1316 3319 1408 3382 Ann-
1516 3333 1517 3400 ζ

306 3429 387 3474 muru
400 3430 439 3474 rr
461 3430 503 3474 nr
518 3431 687 3475 ursconuru
700 3432 797 3476 innuen
811 3433 920 3477 nunnus
937 3412 1117 3480 Hnumouu
1136 3437 1173 3480 un
1193 3437 1309 3482 mnruu
1324 3435 1411 3480 Esus.

349 3510 423 3574 Orba
436 3516 481 3574 est
503 3510 648 3575 discordia
669 3512 747 3576 inter
770 3536 870 3598 regern
885 3516 1004 3600 Angliae
1028 3517 1192 3582 Henricuni
1215 3517 1251 3581 ΙΙ
1273 3525 1305 3582 et
1321 3520 1408 3586 inter

305 3611 403 3676 filium
418 3612 482 3696 ejus
499 3612 661 3678 Henricum
673 3607 804 3680 tertium.
823 3617 903 3682 Hinc
917 3625 980 3683 tota
992 3618 1129 3684 turbatur
1139 3621 1260 3706 Angh'a,
1277 3621 1408 3687 coniun-

306 3714 388 3780 ditur
405 3713 588 3780 Normannia
610 3722 641 3779 et
671 3717 845 3800 Aquitantia
866 3741 933 3783 cum
963 3721 1070 3786 minori
1091 3722 1256 3786 Britannia
1301 3723 1409 3788 Insur-

306 3818 387 3898 guut
399 3812 478 3876 enim
494 3818 590 3896 patres
602 3813 635 3876 in
649 3812 738 3892 tilios,
752 3815 808 3880 filii
822 3817 854 3880 in
871 3824 1014 3900 parentes,
1030 3819 1103 3882 dum
1128 3821 1250 3905 qnidam
1272 3826 1409 3900 senioris,

307 3913 426 3999 qnidam
445 3914 572 3999 junioris
595 3913 689 4000 Regis
712 3923 809 4001 partes
830 3917 929 3983 iuvere
950 3918 1123 3986 deliberant
1167 3922 1278 3990 Junior
1301 3933 1405 3993 autem

306 4039 359 4083 rex
376 4016 412 4080 dc
427 4014 538 4082 viribus
547 4017 624 4103 regis
635 4017 768 4084 Francius
781 4026 811 4084 et
822 4021 1093 4089 comitisFlandriae
1108 4027 1233 4094 maxime
1241 4050 1406 4113 praesume·
