3042 5134
491 393 684 460 Cunouroou
707 394 753 459 ΙΙ.
1128 395 1187 458 14⁷

82 567 159 634 autre
181 565 368 649 procurabat
414 565 485 635 Quo
513 563 614 630 officio
641 586 736 649 quam
767 562 951 629 Olrildericus
976 562 1186 647 deponeretur,

80 670 210 755 Pipinus
224 667 321 732 brevis
337 668 405 751 jore
419 665 603 731 haereditario
616 667 808 751 fungebatur,
830 673 861 730 et
874 687 925 730 rex
937 665 1064 751 jubente
1078 664 1186 729 Zoolm

80 773 126 837 ria
150 773 232 856 Papa
262 770 468 847 corrstituitar,
497 770 583 834 aunis
611 770 699 835 XVI.
747 769 787 833 In
815 770 925 856 Anglia
955 769 1011 840 Iuc
1039 761 1185 854 regnavit.

78 874 183 938 Olarct
222 871 397 937 Bonifacius
429 871 627 956 Mogontinus
664 863 901 957 archiepiscopus
926 879 957 936 ct
986 878 1105 958 martyr,
1134 873 1187 956 qui

84 977 239 1062 Papinum
254 975 384 1040 inunxit.

129 1076 437 1142 VDOOEOXXIIII.
481 1075 550 1140 Lao
566 1095 741 1141 rnrnnsvrr
755 1097 853 1142 uuurs
868 1097 990 1142 mnus.

135 1178 352 1243 Constantinus
375 1178 535 1262 imperator
561 1185 757 1263 persequutor
775 1180 835 1243 fuit
856 1179 996 1256 ecclesia,
1020 1177 1182 1256 maleficus,

80 1281 263 1357 luxuriosas,
273 1278 428 1363 lapidator.
457 1276 655 1344 Constantino
670 1279 846 1364 patriarcha,
863 1278 1029 1344 rusabsrbn
1043 1286 1073 1343 et
1083 1301 1186 1364 super·

80 1381 172 1457 ciliis,
209 1403 298 1465 snper
339 1381 454 1445 annum
488 1401 540 1446 ors
570 1381 607 1445 ad
640 1381 766 1446 caudam
799 1403 883 1446 verso
921 1405 974 1466 per
1015 1383 1187 1446 Bisantium

81 1483 185 1561 dacto,
215 1489 402 1567 amputatum
442 1490 532 1567 caput
571 1485 636 1568 ejus
665 1505 751 1548 muro
779 1479 942 1568 suspendit.
1018 1473 1188 1568 Stephanrm

82 1585 168 1669 Papa
189 1585 272 1648 venit
292 1584 330 1648 ad
356 1585 503 1668 Pepinom
527 1606 637 1668 rogans
666 1586 848 1670 adjutorium
878 1591 981 1650 contra
1011 1581 1187 1649 Hastuliam

84 1705 188 1769 regem
212 1684 491 1768 longobardorum,
516 1693 547 1749 et
571 1686 807 1751 Oarolomannus
829 1687 966 1751 similiter
986 1687 1068 1751 venit
1082 1693 1118 1752 ut
1131 1688 1188 1750 iter

83 1785 187 1849 fratris
206 1785 360 1869 impediret
374 1793 486 1870 rogatu
511 1787 654 1864 Hastulli
670 1796 784 1871 etpost
801 1787 877 1853 obiit
892 1788 1019 1853 Vieuuae
1033 1787 1065 1852 in
1080 1787 1187 1852 redItu.

82 1886 178 1952 Facto
193 1886 364 1951 solemniter
386 1888 517 1971 generali
540 1895 690 1952 conventu
705 1889 876 1973 Stephanus
893 1889 975 1973 Papa
990 1890 1185 1954 successionis

84 1989 163 2054 dnos
178 1989 259 2053 filios
281 1989 388 2074 Pepini
403 1989 544 2054 carolum
563 2003 715 2074 magnum,
736 1996 768 2053 et
787 1990 1038 2054 carolomannum
1056 1991 1088 2053 in
1102 1996 1187 2074 regc's

82 2091 229 2167 inunxit3
242 2090 383 2154 Ceuclum
396 2091 429 2154 in
446 2113 481 2155 ea
495 2099 578 2175 parte
593 2111 682 2174 quam
697 2091 789 2155 fratre
809 2092 927 2155 vivente
941 2098 1025 2174 pater
1038 2097 1185 2168 tenuerat,

81 2192 336 2258 Garolonrannum
351 2194 384 2256 in
398 2199 481 2277 porte
495 2194 602 2278 patrui.
647 2193 780 2276 Pepinus
795 2193 874 2278 apud
889 2192 994 2258 Olusas
1010 2193 1186 2256 Hastullirm

84 2294 169 2371 vicit,
184 2301 216 2358 ct
235 2294 294 2358 XL
308 2293 463 2358 obsidibus
488 2295 566 2360 datis
581 2294 618 2358 ab
635 2291 787 2372 Hastullo,
804 2317 881 2379 papa
895 2295 1032 2371 Romam,
1055 2293 1186 2378 Pepinus

83 2395 176 2462 rediit
188 2396 222 2460 in
241 2396 365 2460 Gallias.
420 2397 536 2460 Iterum
557 2396 691 2480 Pcpinos
707 2396 806 2480 Papias
823 2395 997 2460 Hastullum
1012 2393 1140 2472 obsedit,
1155 2403 1185 2459 ct

85 2498 199 2564 tradita
208 2497 248 2563 ab
265 2497 408 2563 Hastulio
423 2499 565 2563 &venua
584 2509 614 2562 et
629 2499 798 2582 Pentapoli,
814 2497 917 2562 volens
933 2496 1022 2561 tertio
1038 2495 1186 2572 rebellare,

83 2601 118 2664 in
133 2613 244 2664 venatu
258 2600 360 2664 divino
371 2600 485 2685 jndicio
497 2600 574 2666 obiit
585 2600 755 2664 Hastulius.
801 2600 1015 2665 Constantinus
1026 2599 1185 2682 imperator

84 2702 169 2768 misit
182 2702 297 2787 Pcpino
310 2725 455 2787 organum
469 2725 538 2768 cum
553 2703 617 2767 aliis
630 2703 717 2767 donis
727 2703 872 2788 plurimis.

143 2805 444 2870 VMDOOOCLVII.
503 2806 741 2871 Oousrsmruus
756 2807 878 2870 Lnours
893 2823 997 2870 muros
1013 2821 1185 2869 ruinarum

504 2927 601 2971 surus
616 2908 777 2972 XXXIII.

130 3007 366 3073 carolomannus
378 3009 470 3073 nater
483 3009 582 3074 Caroli
604 3017 673 3093 post
686 3009 838 3074 biennium
863 3008 996 3074 decessit.
1061 3005 1186 3071 Carolus

84 3131 224 3192 magnus,
244 3110 296 3174 illc
316 3110 458 3188 famosus,
482 3110 521 3175 de
542 3133 602 3194 quo
626 3117 689 3174 tam
710 3111 850 3194 praeclara
871 3118 955 3194 gesta
978 3108 1133 3184 habentur,
1149 3105 1187 3169 iit

86 3211 258 3274 monarcha.
302 3211 446 3276 Omnium
462 3211 607 3276 bellorum
623 3233 689 3295 quac
705 3215 796 3296 gessit
811 3213 938 3296 primum
953 3211 1011 3275 fuit
1027 3209 1183 3293 Aquitani-

85 3334 169 3390 cunr,
183 3333 201 3375 a
215 3319 298 3396 patro
322 3314 435 3398 Pcpiuo
450 3315 633 3391 inchoatum,
649 3315 702 3378 sed
725 3314 858 3378 nondum
872 3315 1003 3391 linitum,
1020 3311 1099 3396 quod
1113 3309 1183 3394 quis

85 3412 148 3477 cito
162 3414 264 3496 peragi
276 3435 366 3497 posse
383 3415 539 3480 videbatur
558 3415 649 3484 fratrc
664 3416 732 3479 vivo
753 3417 894 3502 suscepit,
910 3438 965 3480 neo
986 3416 1068 3500 prius
1081 3412 1184 3477 cedere

86 3513 184 3578 voluit
209 3536 299 3598 qaam
321 3515 509 3594 Hunoldum,
532 3517 584 3601 qui
603 3524 672 3601 post
695 3526 819 3582 mortem
840 3518 975 3582 Wailarii
993 3516 1185 3600 Aquitaniam

85 3623 258 3700 occuparat,
280 3639 346 3681 eam
366 3617 502 3702 linquere
523 3625 554 3683 et
575 3619 754 3684 Vasconiam
776 3628 875 3704 petere
899 3622 1050 3704 coegisset.
1096 3618 1184 3702 Lupo

86 3718 179 3782 εῐίαιῑι
196 3717 369 3782 Vasconum
390 3719 460 3782 duci
482 3720 603 3783 mandat
624 3727 660 3784 at
681 3723 854 3805 perfugam
884 3722 997 3799 reddat,
1021 3719 1101 3804 quod
1127 3720 1184 3783 nisi

87 3818 228 3884 festinato
269 3820 367 3897 iacnt,
404 3819 484 3885 bello
523 3843 555 3885 se
592 3841 662 3886 eum
691 3823 856 3907 pulsurum.
918 3824 1022 3907 Lupus
1063 3819 1182 3883 Hunol·

87 3919 160 3984 dum
188 3919 328 3999 reddidit,
356 3927 389 3984 et
415 3945 449 3987 sc
473 3921 572 4007 ipsum
600 3945 669 3988 cam
697 3926 847 4008 provincia
876 3926 926 3989 cui
962 3929 1084 4008 praeerat
1120 3921 1184 4004 ejus

87 4023 230 4106 potestati
252 4022 410 4088 commisit.
463 4025 643 4110 Compositis
664 4026 752 4090 rebus
781 4029 812 4090 in
843 4027 1012 4110 Aquitania,
1043 4033 1072 4090 et
1099 4024 1182 4108 regui
