3042 5134
473 467 665 530 Onnonrcon
682 465 728 530 ΙΙ.
1157 471 1215 532 151

111 637 317 703 incarnatione
332 637 455 702 Domini
470 634 709 702 DOOOXIIIIo.
742 634 782 700 In
798 635 907 701 carolo
920 635 1078 720 imperium
1090 635 1219 702 Franco·

112 762 179 804 rum
195 739 358 803 inchoavit.

115 841 266 905 VMIXI.
308 840 455 905 Cnnonus
470 859 645 902 muneram
658 858 755 902 snnrs
772 838 960 903 XXXVIII.

156 943 332 1007 Ladoviens
352 941 425 1006 IIII
446 941 524 1004 filios
545 939 650 1003 habuit
660 965 671 1016 ;
701 938 875 1004 Lotharium
897 939 1002 1016 Italiae,
1034 939 1220 1006 Lodovicurn

114 1044 292 1120 Germaniee,
309 1044 458 1126 Pepinum
473 1041 654 1124 Aquitaniae,
669 1039 810 1104 carolum
824 1041 960 1124 praefecit
971 1041 1084 1105 Galliae.
1109 1041 1219 1106 Pasch-

114 1147 170 1209 alis
197 1145 275 1229 Papa
296 1144 344 1208 die
365 1142 489 1207 Pasohae
512 1141 621 1205 Romae
643 1141 676 1204 in
705 1140 828 1205 ecclesia
856 1139 934 1206 beati
958 1141 1041 1204 Petri
1069 1141 1221 1206 coronavit

115 1245 303 1310 lotharium.
357 1243 534 1308 Lodovicus
553 1242 598 1306 vir
612 1242 848 1306 clementissime
866 1247 979 1306 nature
994 1243 1081 1325 juxta
1099 1263 1221 1306 suornm

114 1348 269 1411 lenitatem
278 1369 394 1410 morum
405 1343 619 1429 rempublicam
628 1366 729 1427 regere
740 1343 900 1427 disponens
911 1342 1070 1408 nonnullas
1079 1343 1221 1425 eliquam-

115 1451 170 1514 diu
188 1458 250 1514 tum
269 1473 287 1514 a
307 1449 407 1512 liberis
428 1471 517 1533 quam
536 1471 554 1511 a
575 1447 659 1532 regui
676 1448 809 1532 tyrannis
829 1446 1022 1512 difficultates
1043 1447 1222 1531 patIebntor.

117 1553 199 1615 Nam
221 1557 252 1614 et
273 1557 424 1615 annuento
443 1551 527 1635 Papo
543 1549 690 1632 Gregorio
704 1549 763 1626 IV,
782 1555 904 1633 coptum
919 1571 985 1613 eum
1006 1549 1167 1614 Lotherius
1188 1550 1221 1614 in

115 1654 296 1717 monasterio
311 1653 407 1717 sancti
423 1652 559 1716 Medardi
570 1651 715 1716 custodiri
723 1651 887 1728 mandevit,
902 1651 954 1716 sed
972 1651 1087 1715 eunctis
1099 1650 1219 1716 tandem

116 1753 305 1838 pessundatis
326 1754 534 1820 controversiis
548 1760 579 1818 et
598 1753 740 1817 Lothario
755 1751 912 1816 conciliato
927 1752 1063 1836 religiose
1077 1752 1175 1816 vivere
1188 1759 1221 1816 et

118 1856 256 1920 consulte
270 1856 428 1940 imperium
442 1878 545 1939 regere
557 1854 675 1939 sategit.
721 1853 869 1920 Omnibus
882 1855 939 1938 piis
952 1855 985 1917 in
999 1855 1220 1918 construetione

118 1957 167 2021 vel
187 1957 373 2041 reparatione
401 1957 535 2020 locorum
557 1962 726 2020 sauctorum
746 1955 864 2039 adjutor
882 1954 941 2020 luit
958 1961 989 2018 et
1014 1954 1219 2020 Cerroiensem

117 2058 217 2121 locum
239 2057 426 2121 restauravit.
486 2057 571 2121 Sedit
590 2055 757 2121 Niclrolaus
787 2056 872 2120 annis
892 2055 941 2122 IX
968 2056 1018 2138 qni
1043 2056 1218 2122 Lotharium

118 2180 219 2242 regem
233 2180 288 2242 pro
303 2156 448 2222 adulterio
468 2156 735 2222 excommunicarit
750 2163 781 2220 et
798 2156 998 2241 Agrippinum
1015 2164 1045 2220 et
1059 2157 1219 2222 Trevereu-

121 2281 185 2322 sem
206 2259 457 2344 Archiepiscopos
473 2259 623 2343 deposuit.
681 2258 729 2322 De
749 2259 808 2322 isto
831 2257 974 2324 lotherio
1000 2257 1172 2342 frequenter
1186 2259 1221 2324 in

121 2359 258 2424 Decretis
286 2359 406 2443 legitur.
451 2361 578 2424 Sanetus
611 2358 775 2444 Hypolitus
804 2365 835 2424 et
863 2359 1021 2424 Titurnius
1050 2361 1101 2444 qui
1130 2381 1222 2446 super

118 2484 230 2546 prunos
243 2459 364 2525 incessit
379 2461 458 2545 apud
473 2470 610 2526 sanctum
636 2461 793 2526 Dionisum
816 2467 888 2526 sunt
911 2461 1055 2526 translati.
1100 2461 1220 2528 Claront

120 2562 273 2640 Robanus,
288 2561 446 2640 Alcaiuns,
462 2563 640 2646 Helperions
654 2569 685 2626 et
698 2561 914 2647 Theodulphus
930 2563 1087 2650 episcopus
1101 2564 1220 2629 Aureli-

119 2664 251 2741 anensis,
272 2670 304 2728 et
324 2661 416 2727 obbas
433 2663 626 2729 Floriaceusis
646 2687 665 2728 a
683 2663 837 2728 Lodovico
860 2664 1031 2748 deportatos
1053 2664 1219 2748 Andegevi.

123 2765 185 2828 Hic
207 2763 280 2828 lecit
300 2764 408 2846 plotio,
435 2766 509 2828 loca.
564 2765 654 2830 Unde
681 2772 749 2849 post
774 2773 928 2830 revocetur
955 2789 973 2830 a
998 2765 1152 2830 Ludovioo
1172 2766 1220 2830 die

123 2865 304 2930 Palmarum.

166 2966 403 3032 VIMXXXVI.
448 2967 636 3034 Lonovmns
652 2989 723 3032 erus
738 2989 1022 3034 1neonaviusnnrs
1034 2969 1155 3034 XXVI.

166 3068 241 3134 Post
260 3077 390 3132 extremo
410 3068 556 3132 Ludovici
575 3075 635 3132 tres
657 3069 712 3132 filii
732 3072 796 3153 ejus
817 3091 870 3153 pro
887 3092 979 3152 regno
994 3071 1093 3134 fratris
1112 3070 1219 3154 Pepioi

123 3170 318 3234 decertavere.
360 3169 410 3234 Ibi
432 3171 545 3234 mutuis
573 3171 745 3236 vulneribus
774 3172 870 3234 omnis
896 3171 956 3234 lere
982 3172 1086 3236 militia
1112 3172 1220 3250 Italiae,

123 3271 300 3348 Germaniae,
324 3271 466 3350 Francis,
491 3271 683 3358 Burgundios,
706 3273 875 3355 Aquitaniae
897 3273 1015 3337 occidit.
1060 3273 1221 3338 Lothen'us

121 3374 217 3458 primo
239 3373 354 3456 impetu
373 3372 476 3452 victor,
499 3384 568 3458 post
589 3397 606 3438 o
626 3373 751 3438 Warino
766 3374 933 3438 Tholosauo
955 3373 1087 3456 fugatus,
1111 3374 1219 3440 ductus

123 3475 298 3558 poenitentia
320 3477 498 3540 monasterio
512 3498 544 3538 se
558 3476 694 3540 contulit.
737 3475 888 3540 LodovIco
903 3483 971 3558 post
986 3477 1046 3540 cito
1061 3476 1221 3542 decedente

125 3575 250 3640 Carolus
271 3575 372 3638 cnlvns
393 3575 483 3640 irater
505 3598 607 3640 eorum
630 3578 668 3640 iit
689 3599 706 3640 a
729 3577 870 3642 Iohanne
896 3577 971 3662 Papa
994 3579 1161 3664 Imperator
1190 3590 1221 3646 et

126 3677 296 3742 monarcha.
341 3676 515 3742 Pandatum
531 3685 576 3741 est
596 3677 798 3744 vizeliacense
813 3679 1013 3746 ooenobiuma
1035 3683 1161 3747 Girardo
1184 3683 1221 3748 de

127 3777 279 3853 Russilim.
334 3777 486 3842 Aluredus
520 3801 572 3842 res
604 3779 773 3863 Auglorum
804 3789 962 3845 coronatur
991 3805 1008 3845 n
1038 3783 1140 3848 Leone
1166 3785 1219 3849 Vo.

126 3879 281 3942 Danorum
315 3886 428 3961 partem
459 3879 600 3963 Angliam
633 3880 823 3946 iulostantem
863 3881 901 3946 ad
942 3881 1032 3946 fidem
1065 3887 1221 3949 convertit.

126 3980 234 4044 (laeteri
255 3979 336 4042 Doni
356 3979 413 4044 sub
436 3981 570 4064 Astengo
592 3980 668 4046 duce
691 3982 804 4046 Gallias
826 3984 910 4046 cunis
931 3984 1014 4048 XIII
1037 3985 1219 4064 infestantes,

127 4082 206 4146 beati
223 4081 348 4146 Martini
372 4082 529 4146 canonicos
544 4082 770 4148 Autisiodorom
787 4085 909 4149 transire
925 4086 1116 4169 compellunt.
1162 4089 1221 4152 Sed
