3042 5134
449 449 641 522 Onaosmos
657 453 704 522 11.
1119 464 1179 532 187

87 639 220 706 Carduil.
280 639 419 725 Regnum
444 641 605 706 Britonam
629 643 660 706 in
690 641 841 706 Gomubia
870 649 900 707 et
924 643 1031 710 Wallia
1041 673 1051 726 3
1076 646 1197 712 diversi

85 750 187 806 tamen
216 742 415 825 Episcopatus
444 741 486 820 V,
517 744 725 820 Menedemus,
758 743 896 821 Landsil‚
919 746 1049 830 Bangor‚
1078 749 1181 814 Sancti

87 844 213 928 Asaphi,
226 844 328 910 Sancti
343 844 497 908 Germani
519 845 593 909 Post
606 846 685 910 varie
694 847 881 930 episcopatus
891 847 1033 931 ampliati,
1044 852 1182 929 restricti,

87 946 206 1018 mutati,
240 946 322 1010 velut
362 945 553 1010 Dorcacester
591 947 751 1011 translatus
789 947 985 1028 Linoolniam,
1032 951 1183 1016 Heliensis

85 1047 258 1132 demptusa
280 1048 446 1125 Lincolnia‚
464 1049 644 1113 Shircburne
664 1049 828 1114 translatus
849 1051 1002 1129 Salesbim,
1022 1054 1182 1120 Wellensis

84 1149 246 1213 translatus
267 1149 450 1227 Bathonum,
469 1149 632 1214 Dorobcrn.
664 1150 839 1229 (lautomia,
855 1153 1036 1218 Eboracensi
1050 1156 1183 1222 subtrac-

83 1256 134 1314 tus
170 1251 300 1329 Carduil,
327 1273 388 1316 non
413 1264 513 1316 umen
537 1253 814 1337 Arohiepiseopatui
843 1255 1015 1320 Menevensi
1044 1257 1182 1344 demptus

85 1351 366 1436 archiepiscopatus.
412 1351 555 1418 Similiter
584 1353 760 1418 Licheiield.
811 1355 874 1419 Sub
911 1356 1030 1439 regibus
1059 1358 1181 1424 diversis

85 1453 174 1518 iactae
195 1467 267 1518 sunt
284 1455 332 1520 hae
345 1455 617 1520 transmutationes.
675 1459 765 1521 Anno
781 1457 818 1520 ab
836 1458 1037 1522 incarnatione
1056 1459 1181 1524 Domini

87 1560 164 1634 869,
185 1563 306 1622 sanctus
326 1557 523 1622 Eadmundus
543 1580 595 1622 rex
613 1559 810 1624 Orientalium
829 1560 996 1644 Anglorum
1013 1560 1049 1625 ab
1065 1563 1179 1646 Inguar

86 1661 206 1725 occisus
220 1667 274 1738 est,
296 1668 468 1745 postquam
482 1670 655 1746 regnaverat
669 1663 749 1726 XVI
763 1664 861 1741 annis,
875 1671 945 1748 post
959 1665 1045 1748 cujus
1060 1666 1181 1730 occism·
1308 1673 1312 1682 ⁴

84 1785 155 1828 nem
176 1763 269 1847 Angli
283 1785 345 1828 non
366 1771 565 1847 regnaverunt
578 1763 611 1827 in
625 1763 676 1828 illa
692 1765 843 1848 provincia
862 1787 914 1848 per
936 1765 963 1828 L
983 1787 1086 1842 annos,
1110 1768 1181 1850 quia

88 1867 242 1949 prouincia
269 1865 394 1950 paganis
416 1865 549 1950 subjecta
577 1873 649 1943 erat,
679 1889 774 1949 nsque
802 1867 840 1930 ad
868 1868 1008 1951 quintum
1037 1868 1183 1934 decimum

85 1988 200 2031 annum
217 1965 359 2030 Ildwardi
372 1965 429 2030 filii
441 1966 576 2045 Herodi,
588 1971 610 2040 †
624 1967 677 2051 qui
692 1967 859 2030 Orientales
874 1968 989 2052 Anglos
1003 1976 1035 2033 et
1050 1969 1182 2034 Saxones
1201 2022 1215 2047 ,,

85 2069 145 2133 sibi
160 2067 340 2154 subjugavit.
1177 2059 1192 2072 '¹

147 2169 248 2254 [Inter
262 2175 367 2235 caetera
381 2168 526 2234 mirabilia
539 2177 666 2254 quatuor
679 2171 755 2234 mira
774 2177 845 2236 sunt
862 2171 894 2234 in
909 2171 1039 2259 Angliapz
1055 2172 1185 2256 primum

35 2270 39 2277 '
84 2272 175 2356 qnod
197 2279 304 2336 ventus
330 2272 481 2357 egreditur
502 2295 521 2336 a
541 2273 672 2336 cavernis
693 2280 779 2336 terrae
802 2274 834 2336 in
860 2281 962 2338 monte
981 2275 1035 2357 qui
1061 2283 1183 2340 vocatur

85 2376 159 2453 Pac,
181 2379 266 2438 tanto
280 2373 383 2458 vigore
396 2380 433 2437 ut
453 2381 548 2438 vestes
567 2375 690 2458 injectas
711 2374 841 2458 repellat,
857 2382 888 2438 et
909 2377 941 2440 in
962 2376 1055 2440 altum
1079 2376 1183 2441 elevet.

86 2474 260 2540 Secundum
274 2480 320 2538 est
333 2473 414 2558 apud
428 2474 613 2558 Stanhanges
628 2473 680 2538 ubi
695 2475 808 2558 lapides
823 2477 904 2540 mirae
926 2477 1137 2560 magnitudinis
1154 2484 1185 2542 et

82 2574 283 2659 longitudinis
298 2576 331 2640 in
353 2575 476 2639 modam
496 2582 648 2658 portarum
671 2575 777 2640 elevati
792 2584 872 2656 sunt,
888 2599 943 2642 nec
957 2577 1063 2662 aliquis
1084 2585 1184 2662 potest

84 2677 218 2760 cogitare
248 2698 308 2759 qua
335 2681 398 2740 arta
427 2676 504 2740 tanti
531 2675 644 2759 lapides
673 2676 746 2741 adeo
775 2678 807 2740 in
846 2678 941 2742 altum
975 2680 1080 2744 elevati
1104 2687 1184 2745 sunt.

84 2779 135 2844 De
149 2778 196 2842 his
209 2784 310 2842 tamen
331 2777 480 2862 lapidibus
500 2777 610 2860 legit-ur
629 2778 662 2841 in
679 2778 802 2843 historia
817 2779 973 2844 Britonum
996 2803 1056 2865 qua
1073 2783 1182 2846 occasi-

85 2901 146 2944 one
168 2879 315 2943 Merlinus
344 2885 426 2944 vates
454 2901 505 2942 eos
538 2879 723 2942 transtulerit
758 2880 796 2944 dc
830 2881 976 2945 Hibernia
1004 2880 1035 2946 in
1061 2883 1179 2945 Britan·

84 2982 178 3046 niam.
221 2981 355 3044 Tertium
376 2986 422 3044 est
435 2980 516 3064 apud
529 2980 733 3057 Chiclrerhole,
746 2985 768 3053 's
782 2980 835 3044 ubi
850 2989 933 3045 tanta
945 2989 990 3045 est
1003 2989 1089 3046 terrae
1110 3004 1181 3046 con·

83 3082 196 3148 cavitas
225 3081 423 3159 subterranea,
453 3082 648 3165 quodquam
670 3082 757 3145 multi
779 3104 857 3166 sarpa
885 3082 1010 3166 ingressi
1042 3089 1123 3160 sunt,
1153 3090 1184 3146 et

84 3184 131 3248 ibi
147 3184 242 3268 spatia
255 3205 363 3268 magna
384 3190 470 3247 terras
484 3190 515 3246 et
530 3183 658 3246 flumina
671 3182 903 3266 pertransierunt
917 3205 1070 3268 nunquam
1084 3190 1184 3248 tamen

86 3286 126 3352 ad
149 3285 242 3350 finem
263 3285 363 3348 venire
383 3293 552 3370 potuerant.
597 3283 745 3354 Quartum
774 3291 820 3348 est
846 3284 926 3367 qnod
948 3285 980 3349 in
1006 3284 1184 3368 quibusdam

85 3386 226 3473 partibus
252 3387 355 3472 pluvia
378 3388 497 3452 videtur
515 3387 623 3451 elevari
644 3386 681 3450 de
702 3385 863 3462 montibus,
885 3394 914 3451 et
938 3387 1003 3452 sine
1031 3409 1112 3452 mora
1130 3410 1183 3472 per

84 3514 207 3576 campos
221 3491 376 3574 diffundi]

131 3593 278 3676 Tempore
292 3592 402 3656 Brandi
417 3592 474 3657 filii
495 3592 631 3676 Bealdog
644 3591 699 3656 filii
719 3590 849 3670 woden,
865 3613 954 3677 aquo
968 3614 1052 3678 reges
1067 3592 1180 3678 Angla-

86 3717 156 3760 rum
173 3702 204 3758 et
226 3693 384 3760 Scotorum
402 3691 547 3779 originem
569 3694 726 3772 duxerunt,
741 3694 845 3759 floruit
858 3693 1012 3760 fabulosus
1028 3696 1182 3760 Amandus

470 3962 485 4020 †
498 3957 573 4027 King
584 3956 679 4010 Alircd
692 3958 737 4009 the
750 3958 841 4010 Great.

126 4059 356 4124 tCheddar-holc
370 4060 520 4131 commonly
535 4059 621 4113 called
633 4038 1057 4130 Wooksy-,h01e‚-near'chedros

627 4149 640 4208 l
650 4149 668 4209 8
