3042 5134
328 449 388 513 lea
739 449 884 514 Ilionam
906 445 1007 514 Nrom

332 629 382 711 qui
405 651 555 711 nunqnam
579 629 635 690 nisi
651 628 681 689 in
697 628 757 690 linc
777 627 903 710 adjurati
926 627 1061 690 confiteri
1085 626 1244 690 voluerunt
1261 629 1314 710 qni
1330 633 1438 692 essent.

373 727 482 791 Parum
510 738 580 791 ante
610 730 671 792 haec
701 737 835 812 tempora
868 728 1038 790 Wiscardus
1064 727 1144 791 filius
1170 729 1306 792 Tanoard
1328 731 1432 813 junior

330 828 448 912 subegit
458 830 606 912 Apuliam,
617 829 792 906 Calabriam,
805 829 945 904 Siciliam,
959 852 1028 893 cum
1039 830 1075 893 15
1087 829 1231 892 militibus
1241 831 1437 894 Normanno-

329 953 407 1007 rum,
426 939 456 992 et
478 931 548 993 vicit
568 931 709 993 Venetios
729 941 759 993 et
781 931 921 993 Alexiurn
942 931 1149 1014 imperatorem
1169 931 1385 1009 bizanzenum,
1406 940 1437 995 ct

331 1031 495 1096 chricum
516 1033 720 1116 imperatorem
737 1055 753 1095 a
770 1033 864 1094 Roma
879 1031 1003 1116 expulit.
1060 1033 1205 1095 Restituit
1219 1034 1310 1096 etiarn
1328 1035 1435 1097 Hilde-

331 1136 475 1200 brandum
493 1159 608 1220 papam,
630 1137 762 1199 Wiberto
778 1136 911 1219 expulso.

374 1238 517 1302 Extremo
533 1246 673 1322 ternpore,
690 1260 781 1321 quum
797 1259 848 1300 rex
861 1236 1029 1300 Willelmus
1043 1238 1193 1322 potionem
1210 1239 1384 1322 accepisset,
1407 1248 1437 1303 et

331 1339 541 1423 aliquantisper
556 1363 587 1402 se
602 1364 618 1402 a
631 1339 838 1423 congressione
853 1339 1034 1402 Francorum
1051 1341 1224 1416 contineret,
1241 1339 1349 1404 derisit
1365 1363 1433 1404 eum

332 1463 383 1504 rex
394 1441 561 1525 Philippus,
575 1441 673 1504 dicens
686 1441 857 1523 cumjacere
874 1451 907 1503 ut
919 1463 1100 1524 puerperam.
1120 1444 1161 1504 At
1175 1441 1225 1503 ille
1238 1447 1259 1476 “
1275 1442 1380 1511 Quum
1397 1443 1434 1505 ad

332 1544 463 1620 missam,
476 1550 496 1578 “
510 1544 608 1626 inquit
616 1542 636 1569 ”
657 1544 727 1619 iero,
739 1542 820 1605 mille
831 1543 968 1605 candelas
984 1565 1035 1627 per
1053 1545 1296 1606 resurrectionem
1314 1544 1439 1608 Domini

332 1644 387 1708 tibi
396 1643 523 1721 libabo,'’
538 1646 590 1728 qui
603 1667 669 1707 mox
680 1644 798 1706 Mantee
812 1645 961 1720 cremavit,
973 1651 1003 1706 et
1014 1644 1165 1707 ecclesiam
1174 1644 1269 1708 beatae
1282 1645 1398 1722 Maria,
1410 1653 1439 1708 et

333 1747 466 1830 quaedam
478 1747 588 1809 reclusa
600 1754 645 1809 est
654 1745 696 1810 ibi
708 1746 847 1810 ustulata.
871 1746 933 1810 Qui
945 1769 978 1809 ex
995 1747 1054 1808 loci
1070 1746 1164 1809 calore
1183 1747 1323 1810 morbum
1335 1756 1440 1810 nactus

333 1856 387 1926 cst,
411 1872 470 1932 quo
500 1873 535 1912 ex
557 1850 612 1912 hac
637 1850 703 1913 luce
726 1850 873 1930 migravit.
923 1850 985 1912 Alii
1015 1850 1120 1912 dicunt
1150 1849 1229 1932 quod
1254 1857 1436 1934 praeruptam

333 1951 441 2014 fossam
472 1973 566 2034 equus
594 1952 771 2028 transiliens,
805 1952 955 2014 interanea
985 1952 1105 2014 sessoris
1135 1951 1272 2034 disrupit.
1312 1951 1437 2014 Cadomi

336 2052 471 2138 quiescit.
495 2054 578 2116 Duas
594 2053 664 2115 lecit
680 2053 821 2116 abbatias.
847 2053 934 2115 Solus
947 2054 1074 2115 liliorum
1092 2054 1155 2136 ejus
1175 2053 1328 2116 Henricus
1343 2053 1442 2116 funeri

334 2153 478 2231 interfuit,
501 2156 552 2237 qui
575 2155 600 2216 C
623 2154 711 2217 libras
732 2154 848 2237 argenti
871 2152 950 2217 dedit
971 2154 1160 2216 calumnianti
1185 2154 1280 2216 locum
1299 2155 1440 2238 sepulcri.

334 2255 505 2318 Willelmus
522 2278 570 2317 rex
580 2256 708 2318 virorum
725 2255 917 2338 largissimus,
936 2257 1018 2318 omni
1034 2257 1080 2318 die
1097 2277 1131 2318 ex
1148 2276 1208 2318 uno
1224 2277 1357 2339 paupere
1373 2257 1442 2318 lecit

335 2358 522 2421 ditissimum.
583 2358 667 2421 Obiit
688 2359 851 2421 intestatus
874 2360 950 2421 sicut
981 2367 1010 2421 et
1033 2359 1130 2421 caeteri
1153 2380 1235 2440 reges
1257 2358 1439 2432 Normanui,

335 2469 458 2544 excepto
479 2482 547 2543 rege
571 2461 731 2544 Stephano.
756 2461 857 2524 Claret·
877 2461 1057 2523 Turonensis
1079 2459 1275 2542 Bercngarins
1291 2461 1345 2542 qui
1362 2461 1442 2543 prius

336 2562 413 2625 male
436 2561 580 2624 sentiebat
610 2562 646 2624 de
668 2569 849 2624 sacramento
872 2561 980 2624 altaris.
1035 2562 1120 2624 Tunc
1148 2561 1304 2623 inventum
1337 2570 1385 2624 est
1410 2564 1443 2623 in

336 2664 448 2726 Wallia
474 2664 661 2747 sepulchrum
685 2665 840 2740 Waluani,
863 2665 914 2746 qui
936 2663 994 2725 fuit
1017 2685 1107 2746 nepos
1130 2663 1245 2726 Asturii
1267 2685 1305 2724 ex
1328 2685 1439 2739 sorore,

338 2787 426 2848 super
453 2767 546 2847 ripam
577 2767 674 2842 maris,
704 2766 808 2828 XIIII
838 2767 957 2848 pedum.

467 2865 671 2929 VIMOCOII.
718 2867 892 2930 anrraus
908 2885 1066 2928 nuenavr'r
1087 2887 1183 2928 nurus
1200 2865 1333 2928 XLVII.

382 2964 549 3028 Willelmus
572 2967 668 3030 Rufus
693 2969 768 3051 patri
793 2969 825 3030 in
850 2968 958 3050 Anglia
989 2968 1159 3042 succedens,
1181 2968 1296 3050 expulit
1318 2968 1441 3032 beatum

339 3066 513 3131 Anselmum
529 3069 789 3154 archiepiscopum,
807 3083 836 3132 et
852 3069 944 3142 XXX
954 3071 1118 3132 coemeteria
1134 3071 1165 3132 in
1180 3093 1292 3153 pascua
1310 3071 1441 3134 ferarum

340 3170 463 3253 redegit.
508 3171 635 3235 Vivente
657 3172 825 3235 Lanfranco
847 3173 1077 3256 archiepiscopo,
1093 3173 1198 3235 virtuti
1229 3180 1274 3234 est
1305 3173 1436 3249 deditus,

340 3277 434 3357 primo
444 3274 613 3349 munificus,
631 3283 697 3358 post
707 3275 857 3358 prodigus.
901 3275 959 3338 Hic
973 3275 1081 3337 iterum
1097 3275 1303 3338 Cenomanum
1320 3274 1439 3358 subegit

341 3382 427 3457 capto
449 3376 556 3437 comite
578 3376 682 3458 Helya,
707 3375 756 3438 sed
774 3378 843 3458 quia
864 3375 939 3438 dixit
955 3399 985 3438 se
1008 3398 1078 3438 casu
1092 3399 1153 3438 non
1177 3376 1287 3439 virtute
1304 3385 1436 3460 captum,

342 3476 454 3537 dimisit
483 3498 561 3550 eum,
582 3477 662 3540 unde
686 3479 712 3540 ei
735 3478 846 3562 Helyas
869 3479 1032 3540 hominium
1062 3478 1141 3540 lecit.-
1180 3477 1240 3539 Hic
1270 3477 1442 3540 Willelmus

344 3577 508 3639 construxit
543 3586 654 3642 turrem
683 3579 857 3656 Londoniae,
889 3587 919 3642 et
951 3581 1031 3642 illam
1062 3601 1199 3662 magnam
1230 3580 1327 3642 aulam
1361 3579 1442 3663 apud

343 3679 650 3742 westmonasterium.
687 3681 798 3744 Omnes
822 3704 874 3764 pro
898 3681 1051 3744 Willelmo
1075 3682 1154 3743 Rulo
1177 3689 1297 3744 orantes
1321 3681 1442 3743 anathe-

345 3787 423 3844 mate
439 3788 509 3843 sunt
523 3780 650 3843 involuti
672 3780 709 3843 ab
734 3783 911 3846 Innocentio
927 3783 1018 3866 Papa.
1075 3782 1201 3845 Inchoat
1217 3783 1321 3864 religio
1337 3783 1446 3844 Cister-

347 3883 463 3945 ciensis.
519 3882 721 3946 Celeberrimae
750 3907 803 3967 per
829 3885 927 3946 orbem
959 3885 1085 3946 visiones
1113 3884 1288 3946 fantasticae.
1351 3883 1449 3946 Claret

348 3984 441 4070 Hugo
465 3983 555 4047 abbas
579 3985 790 4047 Cluniaoensis.
836 3986 1002 4048 Concilium
1030 3985 1107 4068 apud
1138 3984 1358 4047 Olaremontem
1380 4007 1450 4047 cou-

348 4097 496 4171 gregatur,
526 4086 704 4170 praesidente
744 4087 867 4150 Urbano
898 4089 960 4163 llo,
992 4110 1081 4150 causa
1108 4088 1221 4150 itineris
1252 4086 1452 4152 Hiersolalim.
