3042 5134
513 487 703 551 Cunorucou
725 483 771 550 ΙῙ.
1136 485 1197 550 183

100 678 168 720 nem
184 653 369 720 castellorum
386 661 416 741 ct
430 655 467 718 ad
483 677 685 740 quascumque
700 655 796 718 voluit
818 655 1002 719 conditiones
1019 654 1153 730 adduxit,
1170 662 1200 719 et

99 780 161 841 prae
172 758 284 822 caeteris
299 756 411 820 nobiles
424 757 577 840 episcopos
589 757 741 840 Rogerum
758 749 1001 820 salisberiensem
1017 763 1047 819 et
1061 765 1200 840 nepotem

98 880 186 922 snum
201 858 403 922 Alexandrum
419 857 671 921 Liudecoliensem
682 857 761 940 apud
772 857 981 929 Oxent'ordiam
998 857 1085 941 cepit,
1099 856 1193 921 ‹ionec

99 961 196 1024 claves
217 959 405 1024 castellorum
432 982 552 1022 suorum
574 959 732 1022 traderent.
778 959 827 1022 Ita
851 959 1004 1043 Rogerum
1026 959 1196 1043 episcopum

97 1060 210 1147 absque
231 1060 357 1125 vinculis
379 1067 409 1124 et
431 1071 566 1145 nepotem
588 1060 652 1144 ejus
675 1061 875 1144 compeditum
900 1061 985 1124 duxit
1006 1061 1044 1125 ad
1066 1061 1194 1124 Divisas.

95 1165 137 1228 In
151 1165 215 1248 ipsa
229 1162 398 1227 obsessione
412 1162 531 1226 castella
540 1161 724 1233 Salesboriae,
741 1161 946 1240 scireburniae,
962 1161 1192 1241 malmesburiae,

96 1267 161 1351 regi
172 1266 253 1344 data;
268 1266 341 1350 ipsae
350 1265 461 1328 Divisae
476 1263 684 1348 posttriduum
701 1264 831 1341 redditae,
848 1287 939 1348 quum
956 1265 1011 1328 sibi
1026 1265 1193 1328 ultroneum

93 1369 240 1455 jejunium
254 1368 409 1451 episcopus
423 1366 589 1445 indixisset,
608 1375 642 1430 ut
658 1367 721 1430 haec
743 1368 880 1451 angustia
902 1391 956 1430 sua
977 1367 1195 1431 animositatem

97 1470 229 1556 episcopi
250 1469 377 1533 Ellensis
406 1470 458 1554 qui
480 1490 530 1532 eas
552 1475 745 1553 occupaverat
768 1470 909 1534 flecteret.
953 1471 1019 1534 Nec
1041 1469 1197 1554 episcopus

93 1570 1191 1654 Lindecolieosisobstinatusegit,redditionecastellilibertatemmercatus.

138 1674 239 1738 Pridie
260 1673 446 1737 calendarum
469 1671 644 1737 Octobriurn
667 1695 767 1737 comes
794 1672 943 1737 Robertus
962 1673 1080 1736 tandem
1101 1695 1194 1736 nexus

100 1798 249 1843 morarum
265 1775 411 1840 eluctatus
425 1798 493 1839 cum
505 1798 604 1839 sorore
613 1775 797 1860 imperatrice
806 1784 924 1840 evectus
936 1783 980 1839 est
991 1775 1110 1860 Angliae
1124 1798 1190 1840 cum

65 1876 67 1882 ’
99 1887 221 1944 centum
233 1878 291 1942 XL
306 1877 460 1942 militibus,

140 1984 232 2045 Anno
251 1980 357 2064 quinto
379 1980 463 2063 regni
485 1980 532 2042 sui
554 2001 605 2042 rex
628 1978 797 2064 Stephanus
820 1981 998 2044 (lanfridum
1021 1979 1057 2044 de
1084 1979 1197 2065 Magna

96 2083 180 2148 Villa
194 2089 224 2147 et
236 2082 405 2147 Albericum
416 2081 452 2144 de
461 2081 522 2144 Ver
537 2081 615 2164 cepit
628 2068 659 2144 in
669 2083 750 2144 curia
766 2082 846 2166 apud
856 2090 989 2147 sanctum
1002 2082 1149 2148 Albanum
1166 2089 1195 2145 et

97 2185 136 2250 ad
153 2184 348 2248 redditionem
364 2182 550 2246 castellorum
562 2205 681 2246 suorum
698 2184 804 2267 coegit.
850 2185 1018 2269 Redditque
1034 2183 1196 2248 Gaulridus

98 2287 137 2351 de
167 2286 281 2369 Magna
313 2284 394 2348 Villa
414 2285 521 2347 turrim
541 2284 714 2348 Londouiae.
780 2285 942 2349 Waledene
964 2286 1057 2371 plexit
1090 2285 1197 2349 Alber-

97 2388 162 2452 icus
183 2385 220 2450 de
232 2387 294 2450 Ver
308 2385 402 2450 solum
424 2384 575 2449 castellum
592 2386 629 2449 de
647 2387 809 2450 Eaneueles
826 2387 1010 2472 ltamgeham
1027 2395 1057 2452 et
1071 2388 1195 2472 Campcs

100 2491 158 2555 sibi
172 2489 313 2553 retinens.

142 2593 257 2657 Eodem
266 2614 343 2656 anno
353 2591 515 2656 Gauiridus
528 2614 625 2657 comes
636 2593 858 2678 Andagavensis
870 2599 1003 2677 receptus
1016 2594 1197 2678 Rotlromagi

96 2695 205 2760 turrim
216 2693 333 2758 obsedit
344 2701 374 2758 et
389 2695 629 2778 cepit,etextunc
641 2696 702 2758 dux
713 2696 956 2759 Normannorum
967 2695 1130 2780 appellatus
1142 2702 1195 2759 est.

140 2799 231 2861 Anno
247 2801 330 2859 sexto
356 2796 440 2880 regui
464 2795 512 2858 sui
527 2818 577 2858 rex
602 2797 770 2881 Stephanus
794 2799 871 2882 cepit
886 2797 918 2861 in
941 2799 1022 2862 curia
1045 2821 1098 2862 sua
1115 2799 1193 2860 llan-

98 2899 195 2963 ulium
209 2898 347 2961 comitem
363 2897 483 2961 Cestriae
496 2904 526 2961 et
537 2906 694 2962 coronatus
706 2907 751 2962 est
763 2898 935 2964 Liocolniae.

141 3001 233 3064 Anno
266 2999 430 3064 Dominicae
445 3000 655 3064 incarnationis
679 3001 845 3078 MCXLll,
869 3025 920 3066 ren
942 3002 1110 3087 Stephanus
1126 3009 1194 3066 ante

92 3101 191 3166 natale
212 3101 334 3164 Domini
348 3124 365 3164 a
380 3100 572 3164 Lirrdecolina
595 3103 744 3186 provincia
767 3103 891 3186 pacifice
912 3103 1091 3167 abscesserat
1106 3126 1189 3166 com-

97 3207 229 3287 itemque
251 3203 373 3266 Cestriae
397 3203 559 3266 Ranullum
585 3210 615 3266 et
639 3204 703 3288 ejus
728 3203 850 3267 fratrem
876 3204 1036 3267 honoribus
1063 3212 1195 3268 auxerat.

96 3307 184 3369 (lives
206 3305 323 3368 interim
346 3304 546 3368 Lindecoliuae
568 3305 696 3368 civitatis
719 3305 933 3368 mandaveruut
955 3306 1018 3389 regi
1033 3306 1195 3370 Londoniae

97 3409 230 3474 manenti
245 3407 348 3472 ambos
363 3409 465 3472 fratres
480 3409 510 3471 iu
527 3409 646 3472 castello
669 3408 803 3493 ejusdem
823 3408 904 3472 urbis
921 3430 1039 3472 securos
1057 3409 1196 3473 resedisse

97 3535 188 3596 seque
203 3511 324 3574 daturos
348 3533 466 3595 operam
481 3518 516 3575 ut
531 3512 615 3595 quasi
630 3511 828 3574 occultissime
842 3533 892 3574 rex
909 3511 1027 3576 castello
1043 3513 1194 3596 potiatur;

96 3637 148 3678 rex
163 3613 369 3677 verolaetuseo
384 3614 546 3677 contendit.
564 3615 613 3677 Ita
628 3615 732 3677 fratres
747 3615 940 3678 circumventi
953 3620 982 3677 et
999 3614 1107 3678 obsessi
1124 3622 1195 3678 sunt

96 3718 128 3781 in
151 3715 223 3799 ipsis
245 3714 351 3778 natalis
373 3715 512 3794 dominici
534 3715 624 3792 feriis,
649 3716 699 3799 qni
721 3716 753 3777 in
776 3715 858 3778 nollo
878 3738 976 3798 regem
1000 3715 1194 3779 offenderant.

96 3820 190 3884 Porro
205 3839 304 3881 comes
319 3817 491 3893 Castrensis,
507 3817 640 3900 quamvis
649 3816 772 3900 ancipiti
786 3817 916 3900 periculo
928 3815 1091 3893 involutus,
1101 3816 1193 3898 probe

97 3928 198 3986 tamen
212 3919 323 3982 castelli
338 3919 488 4002 angustias
503 3919 604 3981 evasit.
624 3919 685 3988 Qui
695 3920 732 3982 de
743 3918 837 3982 salute
849 3919 947 3981 fratris
963 3932 992 3980 et
1008 3918 1106 3980 uxoris
1123 3939 1196 4000 quos

97 4027 129 4089 in
144 4021 264 4086 castello
280 4021 438 4104 reliquerat
450 4021 593 4084 sollicitus
607 4021 755 4104 flagitavit
771 4043 787 4084 a
803 4020 909 4084 comite
924 4021 1096 4084 Glocestriae
1112 4020 1194 4083 aoxi-

97 4125 182 4201 lium,
213 4123 297 4208 cujus
319 4123 448 4188 liliama
481 4130 613 4207 tempore
641 4122 718 4206 regis
750 4122 871 4186 Henrici
901 4143 1021 4186 uxorem
1051 4121 1194 4200 duxerat,-
