3042 5134
475 450 663 520 Ouaonreon
684 449 729 532 ΙΙ.
1150 445 1216 529 175

118 623 178 688 bat
222 624 360 696 Quorum
377 623 604 688 consiliofretus
613 631 642 688 et
657 622 770 689 anxilio
785 621 900 687 crebras
914 623 1096 709 irruptiones
1106 623 1176 694 lecit
1185 631 1217 695 in

116 727 352 804 Normanniam;
390 725 524 810 quadam
553 747 622 790 vero
651 723 769 790 castella
800 726 992 809 expugnavit,
1021 724 1157 810 quaedam
1187 751 1218 794 se
1260 723 1262 728 ’

116 836 224 913 sponte
238 829 266 892 ei
280 827 395 892 dedere.
441 827 479 890 In
494 827 550 891 bac
564 834 663 892 autem
679 827 877 890 controversia
893 827 1005 891 occisus
1021 832 1066 890 est
1075 826 1217 892 Mathone

118 951 221 994 comcs·
232 928 375 1002 Boloniae,
390 929 440 1013 qai
456 927 587 994 Mariam
600 928 778 992 abbatissam
794 927 1020 1012 desponsaverat
1033 927 1126 992 filiam
1136 925 1214 1008 regis

116 1031 260 1116 Stephani
275 1053 345 1095 oum
359 1031 502 1094 comitatu
516 1029 660 1094 Boloniae.
702 1027 884 1093 Vulneratus
895 1037 939 1097 est
949 1029 1117 1114 Phillippus
1128 1027 1218 1094 irater

114 1135 180 1217 ejus
201 1155 299 1196 comcs
321 1131 478 1209 blandrioe,
500 1153 599 1195 comes
619 1130 741 1194 Oestriae
762 1136 876 1213 captus,
899 1140 930 1194 et
952 1129 1070 1214 quidam
1093 1127 1217 1192 barones

116 1233 290 1305 Britannia.
336 1232 396 1296 Sed
410 1238 441 1296 et
454 1232 584 1316 reginam
607 1231 739 1308 Alienor,
763 1230 911 1314 quemad
934 1229 1138 1294 rebellandum
1150 1227 1215 1290 viro

110 1328 177 1412 suo,
201 1335 265 1418 regi
285 1333 422 1398 videlicet
444 1333 562 1410 seniori,
585 1333 774 1397 Pictavenses
795 1331 1034 1406 sollicitaverant,
1056 1331 1135 1394 idem
1160 1349 1212 1391 rex

106 1435 312 1501 'fraudulentia
327 1441 358 1498 et
372 1434 525 1498 blandiciis
544 1435 773 1498 circumventam
797 1433 876 1517 cepit
891 1432 967 1497 etin
990 1431 1115 1516 quadam
1138 1428 1213 1492 turri

113 1539 227 1605 includi
240 1537 321 1614 lecit,
336 1537 507 1601 facultatem
521 1536 703 1620 aliquorsum
719 1535 888 1619 egrediendi
911 1535 1031 1621 penitus
1053 1533 1211 1614 denegans.

112 1642 219 1706 Postea
234 1661 303 1703 vero
318 1639 470 1723 aliquanto
484 1639 624 1722 temporis
639 1637 748 1722 elapso,
767 1637 866 1720 vigilie
881 1637 992 1701 scilicet
1014 1634 1107 1700 sancti
1124 1633 1212 1696 Mau·

111 1740 186 1818 ricii,
195 1741 288 1804 ductu
300 1741 418 1804 comitis
428 1739 595 1804 Leicestriae
605 1739 1017 1824 applicueruntFlandrenses
1025 1735 1103 1822 apud
1114 1734 1211 1798 muni·

113 1842 224 1927 cipiom
246 1841 415 1906 Waltoniae.
460 1840 550 1910 Quod
574 1862 668 1924 quum
695 1847 793 1904 essent
821 1841 998 1925 impotentes
1027 1858 1208 1922 expugnare,

112 1944 239 2028 patriam
253 1942 414 2008 sevissime
428 1943 597 2028 populatam
614 1942 812 2026 relinquentes
833 1943 963 2027 suscepti
977 1947 1048 2004 sunt
1068 1963 1085 2004 a
1108 1938 1216 2002 comite

112 2046 245 2130 Hugone
274 2044 376 2129 Bigod
402 2044 435 2108 in
458 2042 744 2127 Framelingbeham.
767 2043 989 2126 Consequentur
1015 2041 1213 2106 invalescente

111 2153 196 2212 motu
211 2154 242 2211 et
256 2148 351 2232 patria
364 2147 492 2230 amplius
506 2145 626 2211 turbata
640 2146 784 2229 applicuit
805 2146 913 2210 iterum
930 2145 1111 2210 Flandrense
1125 2143 1210 2207 navi·

111 2248 206 2332 gium.
254 2248 365 2312 Comes
400 2270 471 2312 vcro
494 2249 662 2312 Leircestiae
684 2269 720 2310 ex
749 2247 866 2311 duobus
884 2249 946 2332 jam
976 2246 1107 2332 appulsis
1130 2244 1212 2308 navi-

111 2347 170 2431 giis
184 2347 374 2412 fidentiorem
387 2369 567 2432 componens
582 2347 752 2422 exercitum,
769 2369 786 2410 a
801 2346 1055 2431 Fremelingeham
1072 2369 1166 2432 usque
1181 2347 1214 2409 in

113 2450 313 2534 Gipcswicum
328 2449 485 2513 transitum
508 2449 580 2513 lecit
589 2477 598 2528 ;
620 2447 725 2533 ibique
740 2467 793 2532 por
806 2448 919 2532 aliquot
943 2449 1005 2512 dies
1027 2455 1168 2526 moratus,
1184 2453 1214 2512 et

108 2551 227 2615 sociatis
246 2551 303 2615 sibi
326 2550 506 2615 subsidiariis
530 2550 699 2634 agminibus
721 2550 838 2634 praelati
859 2550 1000 2634 Hugonis
1025 2550 1214 2635 proficiscens

111 2653 182 2716 iude
195 2653 305 2717 invasit
319 2653 471 2716 castellum
488 2652 569 2735 quod
584 2651 693 2715 dicitur
708 2651 864 2734 Hagbene.
910 2652 988 2716 Illuc
1003 2652 1105 2737 primis
1120 2651 1213 2740 intro·

112 2753 222 2817 missus
233 2752 405 2831 assultibus,
417 2775 511 2838 eoque
521 2753 664 2837 populato
674 2765 703 2816 et
712 2753 842 2830 iocerne,
853 2775 969 2818 necnon
985 2760 1015 2818 et
1029 2753 1210 2840 praedatione

112 2855 268 2939 completa,
295 2855 420 2939 quisque
435 2863 469 2918 at
483 2877 537 2918 nec
552 2854 621 2917 viris
636 2855 806 2942 execrandis
820 2855 989 2920 resisterent
1004 2854 1142 2932 ecclesiae,
1161 2877 1213 2920 nec

113 2957 146 3021 in
160 2957 262 3041 aliquo
278 2956 418 3020 different
429 2956 585 3020 matronali
601 2956 750 3040 pudicitiae
773 2964 824 3020 aut
846 2957 1026 3040 virginitatis
1040 2957 1139 3032 titulo,
1164 2979 1209 3021 re-

109 3054 191 3117 versi
204 3060 275 3118 sunt
287 3053 319 3117 in
333 3051 599 3137 Frameliugeham.
622 3053 805 3137 Auditisque
826 3054 995 3118 rumoribus
1010 3055 1214 3138 applicationis

111 3155 270 3222 comitissae
284 3156 452 3220 Leicestriae
467 3155 546 3240 apud
558 3155 672 3219 Oxiord
681 3163 874 3239 perrexerunt
886 3156 912 3218 ei
927 3155 1054 3220 obviam.
1079 3159 1125 3221 Ea
1143 3182 1213 3224 vero

107 3264 246 3342 suscepta
270 3266 300 3320 et
324 3257 555 3322 Flandrcnsibns
579 3256 631 3340 qui
657 3279 725 3320 cum
747 3257 812 3340 ipsa
826 3256 1037 3354 applicuprant,
1059 3263 1214 3344 proposuit

108 3380 210 3424 comes
225 3357 394 3423 Lciccstriae
407 3359 441 3422 in
459 3359 576 3442 propria
592 3381 728 3422 remeare.
777 3357 834 3422 Sed
855 3358 991 3424 consulto
1014 3359 1116 3425 divino
1137 3361 1215 3426 inter

109 3467 249 3524 sanctum
263 3460 473 3526 Eadmundum
496 3468 526 3524 et
540 3461 671 3525 villulam
696 3483 763 3544 quae
778 3460 887 3524 dicitur
908 3461 1008 3526 Sancti
1030 3461 1155 3526 Martini
1173 3462 1210 3526 de

108 3563 257 3628 Tornham
273 3563 403 3647 aggressi
411 3564 490 3627 ‘sunt
506 3586 557 3626 eos
571 3564 679 3627 milites
702 3563 862 3647 Anglicani
876 3586 913 3628 ex
928 3571 1073 3648 praecepto
1088 3561 1205 3650 justici-

107 3663 235 3728 ariorum
253 3664 343 3747 Regis
360 3664 483 3727 Henrici
497 3664 629 3728 secundi.
677 3663 799 3738 Quibus
821 3666 1083 3748 congredientibus
1107 3671 1223 3748 captus

105 3772 151 3836 est
165 3786 264 3828 comes
277 3787 345 3828 cum
359 3766 516 3842 comitissa,
532 3766 683 3850 majorque
697 3787 767 3850 pars
789 3766 1015 3830 Flandrensium
1047 3766 1211 3840 interfecta,
1309 3825 1311 3828 .

112 3865 232 3930 residua
246 3888 316 3930 vcro
331 3888 399 3950 pars
420 3867 608 3930 incarcerata
882 3853 883 3858 ἵ

151 3967 296 4032 Ricardus
311 3968 389 4052 prior
403 3967 512 4032 Dorrae
524 3967 651 4052 elegitur
665 3968 702 4032 ad
717 3969 1004 4052 archiepiscopatum
1019 3968 1211 4033 Cantaurian-

102 4086 170 4148 ‘rem
184 4076 215 4133 et
237 4069 383 4133 Ricardus
404 4071 586 4137 Pictavensis
608 4069 647 4134 ad
673 4069 929 4147 Wintoniensem3
964 4070 1116 4144 Galtridus
1137 4067 1213 4134 ridet
