3042 5134
502 450 691 522 (lurorucuu
709 447 755 523 ll.
1163 453 1224 528 l79

124 634 175 692 tus
188 617 271 692 filim
285 618 363 714 regis
378 649 477 692 comes
491 627 681 693 Gloecestriae
703 635 733 690 et
749 641 817 712 post
839 642 906 690 eum
930 627 1052 692 comites
1074 629 1172 694 caeteri
1193 635 1224 696 et

124 728 259 804 barones,

166 831 282 897 Eodem
298 854 376 896 anuo
394 854 446 896 rex
465 846 545 896 mare
565 831 682 896 transiit
697 838 727 895 et
749 830 934 896 discordatus
956 837 1001 896 est
1024 833 1050 896 ei
1069 854 1165 896 comes
1187 833 1225 898 de

123 931 272 1012 Mellenta
295 940 325 998 et
343 956 420 997 anuo
435 934 570 1017 sequenti
584 934 765 998 Willielmus
781 933 818 998 de
832 934 1035 998 Pauchervilla
1050 936 1224 1002 camerarius

122 1035 201 1120 regis
223 1035 301 1120 cepit
321 1036 496 1120 praedictum
517 1037 664 1111 comitem,
698 1043 729 1099 et
751 1037 911 1120 Hugonern
943 1036 980 1100 de
1010 1037 1163 1117 Muulord,
1194 1045 1224 1102 et

125 1139 288 1221 Hugonem
303 1137 401 1202 lilium
423 1138 567 1216 Gertasii,
592 1145 623 1202 et
637 1137 759 1202 tradidit
773 1161 823 1201 eos
839 1139 922 1222 regi:
945 1160 997 1200 rex
1010 1145 1107 1203 autem
1123 1139 1225 1223 posuit

124 1261 177 1305 eos
191 1241 224 1304 iu
236 1263 391 1305 carcerem
414 1241 488 1305 Post
500 1241 696 1306 Pentecosten
712 1263 782 1304 vero
797 1263 849 1304 rex
871 1241 963 1305 filiam
979 1263 1063 1304 suam
1078 1241 1224 1322 Gautrido

125 1345 228 1409 comiti
248 1345 467 1430 Andagavensi,
496 1345 676 1410 adolescenti
700 1367 815 1431 magnae
841 1344 1012 1424 nobilitatis,
1038 1345 1224 1409 matrimonio

125 1448 289 1533 nonjunxit.

169 1552 261 1614 Anno
284 1550 438 1614 trecesimo
461 1551 601 1614 transivit
630 1561 681 1614 ret
708 1549 740 1613 in
770 1539 997 1626 Narmauniarn,
1024 1571 1102 1614 anuo
1131 1549 1223 1614 XXX

126 1652 223 1740 primo
251 1653 338 1716 rediit
369 1654 401 1716 in
424 1654 575 1737 Angliam.
598 1653 713 1717 Eodem
743 1675 822 1716 anno
847 1651 1027 1716 Lodouicus
1056 1675 1109 1714 rex
1133 1652 1226 1716 From

126 1778 232 1820 corum
260 1755 434 1840 Philippum
462 1755 560 1819 filium
583 1777 671 1819 suum
701 1755 835 1818 coronari
857 1754 936 1818 lecit.
982 1753 1052 1823 Quo
1074 1776 1133 1818 nou
1147 1754 1223 1817 mul-

126 1863 158 1920 to
183 1863 252 1940 post
273 1879 342 1920 casu
357 1858 427 1942 eqni
452 1858 628 1928 exanimato,
650 1857 787 1933 alterum,
817 1856 928 1920 scilicet
949 1845 1151 1933 bodanicum,
1173 1877 1226 1940 per

126 1980 248 2022 manum
262 1958 414 2044 pontificis
430 1959 557 2022 Romani
572 1958 736 2022 diademate
749 1957 917 2040 insignivit.
962 1957 1005 2033 Is,
1018 1958 1172 2034 utleruut,
1188 1957 1225 2023 ab

126 2063 249 2145 antiqua
268 2061 448 2126 Francorum
477 2061 653 2124 fortitudine
674 2083 737 2123 non
758 2060 939 2144 degenerans
966 2061 1026 2145 juri
1053 2082 1108 2124 suo
1137 2061 1225 2124 etiam

128 2163 318 2248 Aquitaniam
335 2179 387 2249 per
401 2164 500 2228 uiuus
523 2165 622 2228 dotale
643 2164 741 2227 foedus
763 2163 931 2246 adquisivit,
955 2185 1044 2246 quam
1058 2169 1126 2246 post
1149 2162 1225 2226 Leo:

126 2266 271 2330 donicum
288 2265 393 2330 Xaroli
407 2267 506 2350 magni
520 2266 620 2330 filium
642 2266 672 2328 iu
689 2266 808 2350 proprio
824 2266 937 2329 donata
951 2265 1132 2328 Francorum
1147 2264 1226 2349 reg's

128 2390 187 2432 uon
202 2367 340 2432 habuisse
354 2376 529 2433 noscuntur.

168 2473 259 2534 Anno
274 2470 422 2534 XXXIlo
436 2471 522 2556 regni
543 2469 591 2533 sui
605 2491 656 2532 rea
679 2469 828 2532 Henricus
852 2469 946 2554 pridie
967 2475 1116 2534 transacto
1131 2461 1230 2534 nonas

126 2572 270 2656 Augusti,
283 2594 342 2654 quo
352 2572 400 2635 die
410 2572 557 2656 quondam
568 2573 648 2656 apud
657 2572 955 2636 westmonasterium
968 2594 1083 2635 coronae
1094 2570 1226 2634 culmum

126 2680 284 2758 acceperat,
311 2673 526 2738 Normanuiam
548 2674 709 2758 navigavit.
752 2674 886 2738 Ultimus
908 2673 958 2737 ille
979 2673 1077 2737 totalis
1108 2694 1227 2756 quoque

126 2777 205 2862 regis
227 2776 369 2840 transitus
390 2777 458 2840 fuit.
503 2777 689 2860 Prosequuta
710 2791 781 2840 sunt
803 2778 948 2840 elementa
970 2775 1070 2839 dolore
1093 2797 1146 2838 suo
1176 2796 1226 2838 ex-

125 2885 255 2941 tremum
283 2879 358 2942 tanti
389 2878 531 2964 principis
554 2880 722 2944 transitum.
767 2880 847 2942 Nam
870 2887 900 2942 et
922 2878 967 2942 sol
988 2880 1052 2963 ipsa
1075 2877 1132 2954 die,
1154 2877 1227 2940 bora

126 2986 219 3055 sexta,
249 2987 325 3043 tetra
346 2980 496 3064 ferrugine
516 2981 646 3044 nitidum
668 2995 760 3065 caput
779 2980 903 3058 obtexit,
936 2989 1050 3044 mentes
1073 2979 1226 3042 hominum

127 3082 229 3166 eclipsi
244 3105 296 3146 sna
311 3083 493 3160 concutiens,
509 3091 539 3147 et
553 3084 625 3147 leria
641 3092 724 3146 sexta
742 3083 886 3167 proxima,
909 3083 1004 3167 primo
1026 3104 1121 3160 mane,
1143 3089 1228 3146 terrae

126 3190 227 3248 motus
242 3206 368 3270 maguus
381 3186 449 3249 fuit.
495 3186 610 3249 Mansit
632 3208 702 3268 ergo
722 3187 846 3248 triennis
867 3186 1009 3248 contiuuo
1031 3207 1084 3248 rex
1098 3186 1130 3248 in
1148 3185 1227 3248 Nor·

127 3287 257 3363 mannia,
273 3295 303 3351 et
318 3295 402 3351 tauto
417 3287 486 3373 plus
507 3296 653 3372 quantum
673 3295 718 3352 est
734 3290 812 3352 iuter
832 3310 924 3351 nouas
947 3287 1089 3371 Augusti,
1106 3287 1228 3370 quodie

128 3390 274 3467 transivit,
293 3397 323 3454 et-
344 3390 480 3455 caleudas
503 3390 686 3469 Decembris,
709 3414 768 3474 qua
794 3398 880 3454 noete
903 3391 1036 3454 decessit.
1081 3390 1228 3472 Regnavit

127 3492 214 3558 anuis
227 3493 361 3570 XXXV,
375 3499 405 3556 et
420 3509 520 3558 tamen
535 3503 679 3579 quantum
695 3503 740 3557 est
749 3494 827 3558 inter
839 3515 933 3556 nonas
945 3491 1078 3577 Augusti
1089 3504 1118 3555 et
1132 3491 1228 3556 calens

129 3594 181 3658 das
196 3594 378 3660 Decembris.
433 3596 516 3661 Obiit
532 3620 609 3661 auno
624 3595 662 3660 ab
676 3597 763 3660 initio
785 3595 898 3673 muudi,
922 3595 1084 3659 secuudum
1111 3602 1228 3678 septuas

129 3697 215 3781 ginta
241 3697 416 3782 interpretes
429 3700 651 3776 ...,secuudum
682 3699 859 3763 Hebraicam
883 3699 1034 3762 veritatem
1059 3697 1228 3772 VMCCCo,

130 3822 209 3862 auno
232 3798 386 3862 dominicae
413 3800 624 3865 incarnationis
654 3801 808 3864 millesimo
833 3801 1004 3878 XXXoVo,
1033 3799 1071 3864 ab
1100 3798 1230 3864 adventu

128 3900 287 3966 Britonum
304 3900 335 3964 in
350 3900 507 3965 Albionem
523 3903 733 3968 IIMOELXV
746 3902 783 3968 ab
798 3903 928 3968 adventu
940 3903 1107 3986 Anglorum
1120 3903 1152 3966 in
1164 3902 1228 3966 Bri-

129 4003 261 4068 tanniam
276 4002 422 4081 DOCIII,
446 4003 483 4067 ab
498 4006 628 4070 adventu
651 4004 891 4070 Normannorum
909 4007 940 4069 in
956 4006 1095 4088 Angliam
1110 4005 1228 4070 LXIXr

176 4105 269 4188 Hugo
298 4104 395 4193 Bigod
426 4107 602 4172 senescallus
631 4110 708 4194 regis
740 4109 860 4172 veniens
890 4107 922 4172 iu
952 4108 1102 4191 Angliam,
1132 4127 1229 4172 corum
