3042 5134
353 1113 714 1223 RADULFI
776 1119 1014 1228 NIGRI

542 1373 819 1454 CHRONICON

173 1707 178 1714 .
221 1593 287 1666 AB
342 1595 511 1669 ΙΝΙΤΙΟ
564 1597 739 1671 MUNDI
791 1599 860 1703 AD
911 1599 955 1672 A.
974 1599 1019 1672 Ι).
1041 1601 1148 1673 1199.

173 2307 404 2374 RADULFUS
424 2307 562 2373 NIGER
586 2307 725 2373 HUJUS
748 2305 983 2373 CHRONIOAE
1006 2307 1186 2375 AUCTOR.

198 2486 237 2550 In
252 2483 398 2568 principio
407 2482 429 2525 ⁴*
443 2482 552 2546 creavit
566 2483 650 2548 Deus
666 2481 775 2546 ooelum
789 2486 820 2545 ot
842 2486 959 2560 terram,
976 2487 1007 2545 st
1021 2482 1054 2546 in
1069 2482 1210 2568 operibus

154 2608 207 2653 sex
231 2587 346 2651 dierum
372 2585 532 2669 complevit
555 2591 679 2650 ornatus
703 2605 805 2647 eorum
816 2610 825 2662 ς
855 2590 887 2648 et
913 2583 961 2648 dis
985 2591 1069 2650 sexto
1097 2587 1212 2652 creavit

155 2691 318 2767 hominem,
343 2694 374 2752 ot
392 2687 533 2752 formavit
549 2709 638 2751 sum:
669 2686 835 2750 masculum
861 2693 892 2750 et
916 2685 1073 2751 foeminam
1100 2689 1212 2754 creavit

156 2817 218 2871 eos,
234 2792 330 2856 Adam
347 2797 377 2854 11
392 2789 496 2867 Evam,
507 2797 538 2854 ot
551 2788 708 2874 conjunxit
718 2788 908 2852 matrimonio
922 2788 1064 2853 instituto
1078 2789 1111 2852 in
1125 2812 1211 2874 para·

154 2897 230 2960 diso.
275 2892 437 2977 Originslis
452 2914 521 2956 vero
544 2892 658 2976 peccati
680 2890 777 2976 culpa,
794 2891 881 2976 ejecti
898 2890 936 2955 de
957 2892 1094 2976 paradiso
1110 2893 1209 2958 Adam

154 3005 185 3063 et
199 2999 274 3076 Eva,¹
294 2995 395 3060 habito
411 2993 532 3058 demum
556 2993 666 3076 oamsli
682 2993 868 3071 commercio,
884 2999 1055 3077 genuerunt
1076 2994 1161 3060 Csim
1176 3001 1207 3060 et

154 3102 242 3168 Abel.
288 3099 360 3164 Fuit
371 3104 471 3162 autom
483 3097 557 3162 Abel
566 3105 668 3182 pastor
680 3097 792 3172 ovium,
802 3103 833 3161 et
841 3095 922 3160 Caim
934 3097 1074 3182 agricola.
1105 3097 1210 3168 Quum

152 3213 250 3269 sutem
267 3203 409 3268 offerrent
422 3201 489 3265 Deo
509 3222 633 3264 munera
652 3199 689 3263 do
708 3199 847 3284 primitiis
862 3200 924 3263 suis
932 3227 942 3279 ;
965 3201 1036 3284 quia
1050 3201 1209 3286 respiceret

152 3307 303 3372 Dominus
318 3304 489 3369 admoneto
504 3302 590 3380 Abel,
602 3301 712 3366 invidit
721 3302 814 3379 Caim,
830 3308 861 3365 et
872 3301 980 3369 occidit
991 3302 1070 3366 Abel
1082 3303 1206 3369 fratrem

153 3432 252 3474 suum.
296 3407 447 3490 Profugus
473 3405 566 3489 igitur
589 3404 673 3468 Osim
697 3404 806 3468 aiacis
828 3404 962 3482 Domini,
979 3404 1017 3468 de
1042 3427 1137 3470 uxore
1152 3427 1207 3470 sua

152 3512 258 3596 genuit
272 3510 366 3585 Enoc,
387 3508 438 3591 qui
463 3507 578 3592 primus
597 3506 750 3570 civitatem
772 3504 940 3583 aedificavit,
957 3512 987 3570 et
1009 3508 1129 3572 vooavit
1142 3529 1208 3572 eam

152 3614 246 3677 Enoc.
292 3611 333 3674 111
349 3611 433 3674 Enoc
447 3609 552 3694 genuit
567 3608 660 3687 Itath,
677 3614 707 3672 ot
723 3608 810 3672 Irath
825 3608 959 3686 Manuel‚
975 3614 1005 3673 et
1023 3608 1074 3672 ille
1089 3610 1207 3675 Motus-

151 3715 232 3794 ssel;
270 3713 321 3797 qui
339 3712 441 3797 genuit
461 3710 601 3775 Lamech.
645 3710 704 3774 Ille
729 3710 839 3774 dicitur
863 3732 959 3775 oaeous
979 3710 1090 3791 faetus,
1112 3734 1207 3796 quum

184 3984 199 4014 ¹
215 3981 272 4034 'i'he
285 3981 447 4036 chroniclers
456 3981 554 4052 always
565 3979 654 4051 b'egan
670 3981 740 4034 their
753 3980 902 4033 narratives
913 3980 977 4034 with
990 3980 1036 4034 the
1048 3981 1165 4034 orestion
1178 3982 1211 4034 of

150 4068 195 4120 the
207 4067 300 4120 world.
335 4067 423 4119 These
434 4067 568 4137 prefatory
581 4067 701 4136 portions
717 4083 761 4118 are
775 4066 912 4136 generally
925 4065 1038 4119 omitted
1049 4066 1086 4136 by
1098 4066 1205 4132 editors,

151 4151 200 4204 but
218 4152 306 4224 Ralph
318 4151 425 4222 Niger’s
439 4152 585 4206 chronicles
598 4170 642 4205 ore
655 4171 686 4204 so
698 4151 773 4206 short
784 4151 842 4205 that
858 4152 879 4205 it
892 4169 977 4205 seems
986 4168 1164 4223 unneoesssry
1176 4159 1204 4204 to

154 4239 270 4309 abridge.
667 4310 685 4371 l
