3042 5134
342 456 404 519 lus
771 452 917 516 Itanum
962 451 1063 518 Nrum

336 628 488 693 Isidorum
511 623 766 713 Etymologiarum
782 620 928 692 VMCCX
935 647 948 700 5
973 621 1061 705 juxta
1075 623 1331 716 computationem
1351 624 1436 690 Beda

337 731 376 797 de
389 729 584 816 temporibus,
599 727 651 812 qui
665 723 832 816 secundnm
858 721 1036 810 Hebraieam
1060 726 1215 792 venalem
1239 728 1435 815 computavit,

335 834 461 900 luerunt
474 833 546 896 anni
560 828 719 898 IVMLII.
763 825 980 910 Loquutusest
994 827 1136 911 agnusin
1163 828 1300 914 AEgppto
1327 829 1435 906 dicens,

339 944 360 972 “
371 933 475 1000 Hodie
491 933 628 998 Salvator
642 938 732 996 natus
745 937 800 1006 est,
811 930 832 961 ”
849 936 880 992 et
893 928 1029 994 inmolet
1046 930 1225 1022 Rcmaetuta
1235 931 1284 996 die
1293 933 1434 1022 manavit.

339 1038 379 1104 In
393 1035 551 1100 Britannia
560 1032 700 1117 'regnavit
724 1029 918 1108 Kimbelinus
940 1036 1074 1116 tempore
1098 1033 1312 1118 incarnationis
1332 1033 1434 1100 Domi.

336 1140 421 1204 nice.
463 1137 567 1202 Cicero
580 1137 614 1202 in
627 1136 772 1217 lorimauo
786 1155 842 1219 suo
853 1132 999 1228 occiditur
1013 1132 1051 1198 ab
1067 1119 1220 1228 Herennio
1231 1141 1262 1199 et
1274 1136 1433 1222 Pompilio.

337 1240 489 1319 Ciceronis
502 1244 593 1325 caput
613 1259 675 1324 pres
689 1235 793 1304 matris
806 1235 939 1331 positum
954 1241 1010 1314 est,
1025 1242 1056 1300 et
1079 1235 1180 1322 imago
1194 1236 1338 1328 l‘ompilii
1350 1239 1434 1330 juxta

337 1349 487 1409 coronata.
546 1339 673 1411 Ovidius
687 1337 822 1410 sacerdos
837 1336 986 1422 Apollinis
1001 1337 1033 1400 in
1047 1337 1181 1422 Pelignis
1195 1339 1331 1428 nascitur
1358 1363 1433 1406 armo

334 1445 511 1532 Augustalis
524 1442 641 1529 imperii
655 1442 769 1526 primu:
785 1446 816 1506 et
830 1439 924 1504 edixit
938 1439 1036 1507 Oaesar
1049 1461 1088 1504 ne
1111 1461 1179 1504 eum
1194 1441 1262 1524 quis
1277 1441 1430 1532 dominum

335 1551 507 1637 appellaret.
545 1549 760 1630 Hoctcmpcre
774 1550 890 1628 reperta
903 1548 975 1608 sunt
987 1549 1098 1608 secreta
1107 1542 1277 1616 Aristotelis
1295 1545 1431 1624 Athenis,
1497 1567 1498 1578 ¹

333 1652 489 1738 inquibus
511 1649 657 1734 Virgilius
671 1653 764 1716 artem
787 1646 932 1734 notariam
947 1645 1056 1728 reperit
1081 1667 1148 1730 quae
1171 1654 1241 1732 post
1267 1645 1431 1718 combussit

333 1753 499 1823 secuudum
509 1751 577 1819 Val.
630 1749 789 1818 Sallustius
803 1747 899 1815 obiitz
915 1747 1061 1832 Virgilius
1073 1746 1148 1811 obiit
1172 1747 1363 1828 Brundusio,
1382 1750 1430 1828 sed
1498 1801 1499 1808 ,

331 1855 555 1930 ossatrauslata
568 1859 639 1942 sunt
653 1851 822 1946 Neapolim,
838 1871 905 1936 quae
920 1849 999 1930 dicta
1013 1855 1058 1912 est
1073 1849 1268 1934 Parthenope.
1317 1833 1429 1940 Varrus

330 1967 361 2026 et
374 1959 475 2029 Tucca
481 1955 646 2031 AEneadem
660 1953 829 2021 emendant.
857 1951 1002 2044 Horatius
1014 1949 1098 2016 obiit.
1120 1950 1309 2035 Lugdunum
1324 1953 1428 2020 Gallia
1499 1989 1500 2036 7

329 2085 348 2128 s
367 2060 504 2128 Muciano
519 2057 666 2144 discipulo
679 2041 829 2152 Ciceronis
843 2053 1016 2148 salicum.
1062 2053 1191 2146 Quidue
1208 2054 1288 2124 lactc
1303 2057 1428 2144 praeside

330 2157 697 2240 lausannensem
712 2156 880 2242 descriptio.
903 2155 999 2220 Pollio
1011 2149 1096 2235 obiit',
1108 2157 1160 2240 qni
1169 2156 1245 2220 dixit
1256 2155 1294 2226 da
1306 2159 1426 2248 Angus-

330 2277 373 2346 to,
385 2270 407 2302 “
421 2265 495 2331 Nou
517 2268 564 2328 est
577 2260 664 2326 lacile
678 2259 710 2332 in
725 2280 795 2324 eum
809 2257 937 2344 scribere
951 2257 1003 2342 qui
1017 2264 1116 2342 potest
1130 2257 1345 2344 proscribere.''
1370 2261 1426 2324 Rs

329 2391 386 2444 mse
401 2366 546 2451 templum
560 2363 641 2450 pacis
655 2361 776 2428 corruit.
807 2347 973 2432 ¹Defuncto
1000 2357 1130 2438 Herode,
1156 2360 1324 2454 Archelaus
1347 2363 1426 2426 lilius

326 2471 391 2556 ejus
399 2468 437 2532 iit
446 2466 577 2532 Diarcha
587 2465 608 2528 J
609 2464 702 2529 udaeoe
715 2461 800 2531 annis
808 2461 867 2538 IX,
880 2461 953 2524 etin
966 2462 1048 2548 omni
1059 2461 1170 2550 templo
1180 2461 1310 2548 AElgypti
1319 2465 1424 2538 occidit

327 2569 431 2634 (lulum
457 2569 544 2652 juxta
569 2550 776 2650 leronymum.
840 2563 926 2627 Tunc
951 2564 1110 2628 revertitur
1133 2563 1249 2648 loseph
1274 2567 1424 2630 nutricius

325 2671 451 2738 Domini
464 2669 502 2735 ab
517 2668 651 2752 AEgypto
664 2666 731 2730 VII
745 2665 832 2729 annis
846 2665 878 2728 in
893 2688 928 2730 ea
943 2667 1079 2730 emensis.

369 2777 529 2856 Augustus
551 2769 597 2856 bis
608 2791 703 2833 ovans
726 2768 851 2832 Romam
875 2773 920 2832 est
934 2767 1096 2852 ingressus,
1111 2768 1256 2853 gloriatus
1269 2791 1303 2835 sc
1317 2770 1422 2837 urbem

324 2895 517 2940 marmoream
530 2873 665 2956 linquere
680 2893 767 2956 quam
783 2870 944 2935 latericiam
959 2871 1100 2956 suscepit.
1144 2871 1226 2936 Viuit
1241 2871 1421 2953 Dalmatius,

323 2977 463 3055 Noricos,
489 2975 612 3052 Moesos,
636 2974 802 3056 Betis-anos,
818 2973 924 3051 Dacas,
940 2973 1078 3065 Thracas,
1102 2973 1260 3052 Sarmatas,
1276 2975 1422 3062 Illyrium,

323 3079 520 3155 Pannoniam,
556 3074 735 3169 Sicambros,
765 3078 901 3140 Astures.
938 3061 1127 3168 liberalibus
1157 3077 1273 3142 artibus
1299 3100 1422 3164 operam

322 3184 432 3263 dabat3
447 3206 531 3250 rarus
545 3182 582 3248 ad
597 3179 783 3265 accipiendos
794 3181 913 3258 amicos,
927 3188 1067 3246 constans
1076 3182 1114 3272 ael
1125 3183 1295 3252 retinendos
1307 3213 1318 3265 3
1328 3187 1420 3262 mitis,

319 3295 431 3373 gratus,
446 3287 540 3352 civilis
555 3284 644 3349 animi
660 3292 690 3348 et
703 3282 829 3368 limpidi,
839 3283 971 3368 pulcher,
982 3285 1099 3349 facetus
1108 3285 1141 3348 in
1151 3286 1227 3371 jocis
1239 3293 1274 3352 ut
1284 3287 1419 3370 desectio

317 3389 401 3455 Julia
423 3387 562 3454 Greuelo.
608 3384 712 3450 Galba.
769 3385 892 3449 culcitra
916 3408 998 3452 cena.
1074 3387 1122 3454 Dc
1146 3389 1238 3472 Ajace
1263 3392 1418 3474 congiario

317 3513 382 3557 assa
396 3490 480 3574 capio
494 3487 657 3573 podagra*
701 3486 740 3552 In
755 3487 907 3558 Macrobic
922 3489 1028 3575 seriem
1041 3489 1187 3584 reperisse
1203 3489 1418 3574 connisabstur

319 3589 422 3656 crebro
437 3588 489 3658 sed
504 3610 570 3658 raro
584 3586 720 3652 satellite.
767 3587 851 3672 Obiit
865 3588 945 3673 apud
960 3589 1074 3654 Nolam
1098 3591 1280 3681 Campaniae,
1298 3593 1362 3659 cibi
1387 3603 1417 3662 at

317 3693 381 3759 sini
395 3692 556 3769 abstinens,
570 3689 690 3763 libidini
704 3690 833 3768 deditus.
879 3692 1086 3778 severissimus
1097 3693 1177 3784 ultor
1191 3685 1330 3778 adrrlterii
1340 3702 1416 3762 teste

316 3815 400 3863 nono
428 3793 505 3861 libro
534 3793 655 3860 codicis.
717 3793 859 3878 Sepultus
888 3799 934 3858 est
962 3793 1066 3860 Romae
1091 3795 1123 3860 in
1147 3795 1261 3882 Campo
1290 3796 1414 3866 Martio.

350 4037 366 4069 ⁸
389 4035 402 4088 1
416 4043 487 4088 must
503 4033 580 4086 leave
599 4034 644 4086 the
663 4035 865 4104 interpretation
881 4038 913 4091 οἰ
927 4037 1002 4092 these
1024 4037 1135 4092 obscure
1147 4055 1274 4109 passages
1286 4047 1317 4094 to
1331 4041 1418 4098 better

314 4119 434 4178 elusiesl
447 4119 563 4174 scholare
574 4118 639 4174 tban
654 4119 757 4191 mysell.
