3042 5134
324 491 366 558 68
745 489 894 557 nauum
915 488 1019 555 Nram

322 659 454 726 Atticam
468 659 602 728 mitteret
616 659 706 740 torte,
719 666 757 726 nt
771 681 807 726 co
822 658 946 726 οοοοιιιο
958 659 1103 726 licentius
1115 680 1209 724 uxore
1221 659 1343 744 prefati
1357 682 1420 726 οοιο

322 762 374 826 itis
397 764 517 829 interim
545 765 726 830 abuteretur.
771 763 863 836 Quod
888 785 985 848 quum
998 763 1050 828 ille
1062 785 1199 828 reversim
1224 763 1424 848 comperisset,

323 863 461 944 indoluit,
486 874 516 932 et
539 867 577 933 de
599 865 779 958 uindicando
800 867 947 952 cogitans,
969 865 1161 932 dominusne
1181 866 1366 951 imperaturi,
1389 889 1425 931 ex

323 975 407 1052 purte
431 969 639 1036 Africanorum
652 991 769 1056 regum,
779 968 938 1048 intimavit,
953 968 1036 1054 quod
1049 990 1152 1054 pacem
1165 975 1422 1055 perpetuamcum

324 1093 363 1136 eo
388 1071 496 1138 habers
523 1073 735 1153 desiderarent,
759 1081 792 1138 et
819 1073 933 1138 tributu
949 1095 1006 1137 sua
1025 1072 1188 1158 plurimum
1202 1095 1326 1158 augere,
1354 1072 1424 1137 dum

324 1179 426 1240 tamen
450 1197 568 1243 omnem
579 1177 769 1244 occasionem
792 1176 941 1240 bellorum
966 1176 1047 1240 inter
1060 1197 1092 1239 se
1112 1175 1233 1259 utrique
1244 1182 1423 1240 amoverent

325 1276 419 1348 Quod
445 1280 508 1345 iore
532 1281 723 1359 estimarent,
751 1280 779 1344 si
806 1280 950 1364 utrinque
972 1279 1073 1344 omnia
1098 1286 1283 1343 mmamenta
1298 1301 1421 1352 ,amore-

324 1389 439 1464 rentur‚
464 1383 573 1450 [redere
597 1384 739 1450 innovato
754 1389 785 1448 et
809 1384 939 1449 firmato.
983 1383 1101 1448 Placuit
1118 1383 1213 1468 igitur
1236 1405 1271 1447 ea
1292 1381 1425 1447 conditio

322 1483 500 1571 imperatori,
525 1487 593 1572 qnia
619 1487 781 1572 plurimum
805 1486 937 1550 crederet
961 1485 1074 1564 comiti,
1087 1490 1118 1550 et
1133 1484 1260 1570 spoliata
1270 1493 1320 1548 cst
1334 1484 1421 1549 armis

325 1589 464 1654 omnibus
488 1591 635 1675 Hispania
659 1595 731 1654 tota.
777 1589 926 1660 Quadam
944 1596 1047 1653 tamen
1068 1588 1161 1653 vidua
1174 1587 1281 1652 dolum
1296 1598 1328 1652 et
1343 1587 1425 1652 dam·

323 1711 396 1756 num
412 1691 449 1756 de
462 1692 565 1756 futuro
579 1693 769 1777 presagiens,
783 1691 849 1756 filio
869 1713 927 1756 suo
940 1691 1045 1770 suasit,
1059 1698 1096 1755 ut
1108 1713 1190 1755 arum
1204 1712 1274 1774 que
1296 1711 1423 1774 usquam

325 1800 427 1877 posset
449 1794 609 1878 acquirere,
635 1795 809 1872 occultaret,
825 1795 896 1879 quia
918 1816 973 1879 pro
998 1800 1080 1860 terto
1095 1794 1233 1858 futurum
1247 1799 1312 1857 erat
1334 1799 1373 1857 ut
1393 1815 1426 1857 ea

325 1914 441 1960 summe
464 1897 627 1962 necessaria
639 1897 773 1962 haberet
798 1897 917 1962 Amctis
932 1896 1032 1976 armis,
1048 1896 1157 1961 missus
1174 1902 1220 1960 est
1230 1895 1312 1960 idem
1326 1915 1424 1960 eomes

323 1995 356 2062 in
378 1998 520 2080 Africam,
542 2000 594 2086 qni
608 2007 728 2086 accepta
741 2000 912 2066 conditione
932 2021 1023 2085 quam
1046 1999 1153 2079 voluit,
1175 1998 1279 2064 dolum
1303 1997 1426 2084 regibus

323 2099 474 2168 Africanis
487 2102 598 2170 detexit
605 2132 616 2184 3
628 2111 658 2168 et
668 2127 718 2169 eos
726 2110 853 2170 armatos
864 2125 934 2168 eum
947 2103 1105 2170 innumera
1115 2101 1310 2168 multitudine
1323 2099 1425 2166 subito

323 2204 458 2271 traduxit
485 2207 519 2271 in
545 2207 729 2293 Hispaniam.
767 2206 895 2284 ,Inermi
919 2206 1013 2292 igitur
1034 2206 1157 2271 invento
1178 2204 1316 2290 imperio,
1340 2203 1425 2268 iacde

221 2323 225 2332 “
326 2312 421 2373 totam
445 2315 554 2376 terrum
567 2316 796 2397 occupaverunt,
823 2310 882 2375 nisi
905 2317 1064 2394 quatenus,
1078 2331 1139 2374 una
1152 2309 1186 2373 in
1199 2313 1285 2394 parte
1298 2306 1426 2386 modica,

325 2411 453 2497 juvenis,
470 2413 523 2500 qui
536 2415 639 2482 matris
654 2437 716 2480 suae
730 2413 854 2479 consilio
876 2413 1013 2493 credidit,
1038 2412 1182 2498 suffragio
1195 2431 1427 2496 armorumque
1500 2492 1501 2505 χ

253 2519 255 2528 ’
328 2514 531 2596 absconderat,
557 2517 685 2583 viriliter
702 2517 754 2583 ds
752 2516 847 2583 endrt
905 2516 1007 2597 Unde,
1029 2522 1062 2582 et
1075 2516 1131 2602 qui
1142 2521 1310 2602 apostatare
1322 2513 1426 2580 uolue-

327 2620 532 2698 muttiniinit'ti
546 2621 686 2708 martyrio
700 2621 833 2686 coronati
847 2625 928 2686 sunt.

370 2723 497 2789 laetum
511 2724 605 2810 igitur
616 2731 730 2811 postea,
756 2731 792 2791 ut
778 2724 886 2790 tde
857 2725 957 2790 urcino
970 2725 1059 2790 etiam
1072 2675 1250 2810 Hispaniam
1263 2721 1427 2788 transirent

327 2825 488 2900 Sanaceni,
517 2834 548 2894 et
576 2828 726 2912 usquein
755 2827 993 2908 Guasconiam3
1003 2849 1140 2911 quos
1114 2826 1238 2891 Carolus
1263 2825 1425 2896 Murtellus

325 2928 394 2993 dest
380 2929 475 2994 truxit
475 2976 484 2995 .
461 2929 597 2996 ttMo
584 2937 635 2996 tus
645 2931 771 3016 igitnr'
760 2931 871 3016 injuria
884 2930 1008 2995 Carolus
1022 2929 1081 2994 Dei
1095 2935 1127 2994 et
1138 2929 1263 3008 fide1,et
1276 2930 1428 2997 animatus

326 3030 533 3099 humiliatione
558 3033 798 3112 sarracenorum,
822 3032 1016 3114 triumphatis
1036 3033 1121 3119 prius
1135 3030 1268 3097 burbmis
1289 3019 1429 3102 finitimis

327 3136 474 3219 processit
495 3137 528 3202 in
555 3136 731 3223 Hispaniam
753 3157 824 3202 curn
838 3141 1002 3222 pretaxato
1016 3129 1157 3202 exercitu.
1201 3135 1308 3207 Quum
1328 3145 1430 3204 numm

326 3237 363 3306 dc
397 3238 542 3326 Ηᾶοῐιοιιὶιι
570 3239 668 3320 rediit,
696 3239 815 3306 insidiis
843 3239 1015 3304 Vasconum
1048 3261 1187 3324 magnam
1227 3239 1276 3303 sui
1311 3251 1428 3326 partem

325 3348 470 3412 exercitus
496 3346 645 3432 perdidit,
672 3351 763 3430 atque
791 3342 985 3430 Egibardum,
1014 3344 1201 3422 Ausetanum,
1231 3343 1426 3425 Rodandum,

328 3448 453 3533 majores
468 3449 516 3512 sui
532 3447 646 3534 palatii.

361 3550 461 3616 Leoni
471 3551 612 3616 successit
626 3549 944 3628 consummantibus
958 3549 1023 3635 ejus
1032 3545 1312 3627 Christianissimus,
1322 3548 1346 3591 ὓ
1360 3571 1429 3615 oum

364 3733 930 3804 ⁸*Consuaaarnonacuarsrranrasnrua]
965 3732 1024 3786 ‘tna
1045 3749 1096 3785 aon
1116 3732 1147 3785 os
1163 3731 1218 3784 Leo
1234 3730 1280 3785 the
1298 3730 1431 3795 Isaurian,

327 3822 470 3878 sumamed
484 3823 685 3886 lconocaaarns,
695 3840 725 3875 or
736 3822 782 3874 the
793 3820 891 3887 Iunas,
902 3837 1037 3885 nazarea,
1048 3819 1102 3871 and
1112 3817 1305 3882 carucarum,
1314 3816 1429 3870 because

326 3919 355 3965 at
379 3911 421 3964 his
444 3909 559 3980 baptism
578 3909 613 3962 hc
631 3907 728 3963 deffled
745 3905 869 3974 himself3
887 3906 940 3960 and
957 3906 1138 3969 Canninium,
1154 3903 1269 3956 because
1287 3903 1357 3956 from
1383 3902 1426 3955 his

327 3998 460 4052 excessivo
469 3996 594 4050 fondness
604 3997 648 4050 for
659 3996 704 4049 the
716 3993 792 4047 smeil
804 3994 833 4046 oi
843 3992 1016 4062 horae-dung,
1028 3992 1063 4045 he
1075 3990 1173 4044 caused
1182 3990 1205 4043 it
1215 3998 1243 4042 to
1253 3989 1288 4042 be
1297 3989 1383 4042 burnt
1398 3988 1426 4040 in

325 4084 368 4136 his
379 4084 514 4146 chamber,
527 4100 555 4136 as
566 4098 583 4136 a
593 4081 699 4153 pastile,
712 4081 767 4134 and
779 4079 844 4134 rrsed
856 4087 885 4132 to
895 4079 965 4134 have
982 4078 1026 4132 bis
1040 4077 1113 4148 body
1128 4075 1233 4131 rubbed
1247 4075 1316 4129 witb
1330 4074 1361 4128 it.
1378 4075 1428 4128 Sec

328 4169 465 4224 Monear’s
479 4167 558 4224 Drcr.
571 4167 683 4222 Hieron.
