3042 5134
554 533 747 606 Cuaonroon
767 538 795 602 Ι.
1143 540 1185 602 59

89 713 202 802 reliquit
209 711 395 798 Augustum.
440 711 504 778 Iste
524 717 623 778 tamen
644 709 696 775 vix
716 726 769 773 sex
787 706 939 774 mensibus
960 705 1095 793 regnavit
1116 726 1186 771 cum

89 831 176 885 matre
190 839 264 895 sua3
279 837 372 900 quum
391 815 487 902 primo
500 837 577 880 anuo
586 815 689 900 lingua
699 812 822 900 praecisa
831 819 862 878 et
874 834 946 878 naso
969 812 1032 897 ejus
1042 809 1181 888 abscisso,

88 922 207 1006 turpiter
230 918 362 1003 dejectus
377 925 423 982 est
437 916 474 982 ab
490 917 622 1003 imperio.
668 919 709 983 Et
724 917 908 983 substitutus
922 923 968 980 est
992 913 1020 979 ei
1034 914 1181 979 Constans

87 1023 163 1088 filius
178 1021 310 1086 Heraclii
322 1019 524 1086 Constantini.
568 1015 615 1084 Eo
637 1027 773 1106 tempore
794 1020 944 1098 Mauhias,
965 1017 1101 1084 Arabum
1120 1038 1182 1082 am·

89 1129 180 1206 miras,
195 1127 303 1190 missus
318 1123 356 1190 ab
372 1125 506 1204 Himaro,
524 1124 604 1209 cepit
624 1123 796 1191 Caesaraeam
816 1123 1014 1202 Palatinam,
1030 1128 1061 1187 et
1072 1119 1183 1186 oceidit

88 1231 151 1296 VH
172 1229 264 1294 millia
278 1229 442 1294 hominum.
486 1228 526 1292 In
540 1250 632 1313 regno
648 1227 817 1293 Gothorum
831 1227 865 1292 in
879 1225 1027 1312 Hispania
1041 1221 1185 1291 Sinnaldo

89 1333 224 1399 successit
244 1331 380 1410 Sentius,
403 1338 434 1397 ct
455 1332 483 1396 ei
501 1331 628 1417 Thelge.
673 1331 713 1397 In
727 1330 816 1397 Italia
838 1329 976 1395 Ariberto
990 1329 1131 1424 'Bortarit
1155 1331 1187 1394 et

91 1436 251 1524 Godiperto
266 1441 483 1501 successerunt.

130 1621 345 1688 Constantinus
364 1621 469 1706 igitur,
491 1641 572 1686 anno
589 1619 627 1688 ab
650 1621 860 1687 Incarnatione
878 1619 1003 1687 Domini
1023 1618 1187 1688 DCXLIV

91 1730 212 1804 oreatus,
242 1724 398 1810 imperavit
427 1724 538 1790 XXVI
566 1724 661 1790 sums.
699 1724 772 1790 ‘Iste
795 1725 885 1791 etiam
909 1724 1015 1790 incidit
1035 1724 1069 1790 iu
1094 1724 1187 1791 haere·

91 1827 143 1892 sim
173 1826 451 1906 Monotbelitarum,
483 1827 536 1912 qui
557 1826 725 1892 asserebant
746 1828 780 1892 in
800 1825 919 1892 Christo
947 1833 1068 1892 tantum
1094 1848 1188 1892 unam

91 1934 233 2008 naturam,
254 1928 349 1994 Paulo
370 1929 700 2014 Constantinopolitano
722 1936 910 2015 suggerente.
955 1930 1000 1994 ua
1012 1929 1190 1995 necessitate

91 2032 235 2099 eelebrata
245 2038 291 2098 est
303 2031 543 2118 sanctasynodus
556 2032 712 2109 Romae,in
727 2055 786 2118 qua
794 2033 1008 2097 condemnatus
1022 2040 1068 2096 est
1076 2031 1190 2098 Paulus

91 2135 262 2202 aMartino
284 2157 370 2220 papa
414 2135 504 2200 Unde
526 2135 605 2200 idem
627 2135 788 2215 Martinus,
810 2142 932 2201 vocatus
946 2135 983 2200 ab
1004 2135 1191 2221 imperatore,

90 2237 189 2302 multis
203 2237 361 2302 lacessitus
370 2237 496 2323 injuriis,
512 2237 619 2302 missus
635 2237 723 2303 estin
734 2238 876 2319 exilium,
893 2237 988 2304 etalii
1001 2239 1091 2305 multi
1100 2239 1189 2305 variis

91 2340 370 2426 persequutionibus
401 2341 518 2422 afflicti,
550 2341 632 2426 qnod
654 2341 759 2406 Fidem
779 2347 890 2406 rectam
912 2341 1025 2407 nabent
1047 2340 1189 2408 dmerere.

92 2444 200 2510 Faetus
221 2445 317 2530 igitur
337 2444 507 2530 imperator,
531 2443 670 2510 omnibns
692 2465 810 2523 exosus,
831 2442 938 2510 statuit
960 2443 1083 2530 aggredi
1108 2444 1194 2512 Lou-

90 2549 249 2634 gobordos,
262 2550 425 2615 etveuiens
437 2551 655 2629 Beneventum,
681 2561 824 2636 exceptus
849 2555 895 2616 est
913 2545 1133 2631 aGrimualdo,
1158 2557 1191 2616 et

90 2653 206 2720 fortiter
229 2655 359 2719 attritus.
406 2653 492 2718 Abiit
513 2675 584 2739 ergo
607 2655 742 2735 Romam,
757 2660 789 2720 at
802 2655 919 2741 excepit
938 2677 1007 2721 enm
1027 2655 1192 2722 honorifice

83 2777 160 2842 papa
183 2757 364 2822 Vitalianus.
410 2756 513 2829 Quum
528 2780 598 2844 ergo
613 2758 743 2822 venisset
759 2758 798 2823 ad
812 2757 964 2826 basilicam
993 2759 1078 2826 Beati
1092 2759 1185 2841 Petri,

92 2857 202 2924 obtulit
217 2859 246 2924 ei
260 2858 551 2946 pallinmoptimum.
586 2861 627 2926 llt
641 2861 815 2926 iuitRomae
830 2861 901 2928 XII
913 2863 1028 2930 diebus.
1074 2863 1190 2930 Videns

90 2983 160 3046 ergo
182 2967 321 3028 ornatum
343 2961 435 3042 urbis,
460 2963 614 3028 transtulit
636 2985 704 3030 cum
724 2987 779 3049 per
799 2964 939 3045 Tiberim,
963 2973 998 3032 ut
1019 2967 1190 3032 translated

91 3063 396 3150 Constantinopolim.
450 3065 553 3136 Quum
584 3067 679 3151 igitur
706 3067 833 3146 rediens,
863 3068 895 3132 in
926 3068 1027 3134 Sicilia
1051 3067 1192 3134 balneum

89 3164 195 3232 fuisset
215 3168 378 3252 ingressus,
405 3191 423 3233 a
442 3169 504 3232 suis
526 3175 571 3234 est
588 3169 772 3234 interfectus.
816 3170 859 3234 Et
872 3169 1052 3235 substitutus
1066 3170 1094 3235 ei
1108 3171 1193 3236 Mea-

89 3270 190 3335 entius
217 3270 389 3334 Armoricus
405 3271 510 3352 miles,
526 3271 578 3337 sed
605 3293 674 3336 eum
696 3270 829 3336 defuncti
849 3272 943 3351 iilius,
963 3271 1190 3352 Constantinus,

90 3395 160 3438 cum
185 3372 371 3438 occisoribus
395 3373 489 3458 patris
515 3374 561 3438 sui
592 3373 741 3439 interfecit
769 3380 801 3439 et
824 3397 986 3460 purpuram
1019 3375 1188 3460 assumpsit.

89 3475 195 3553 Porro,
211 3475 294 3560 prius
308 3475 473 3559 imperante
484 3476 656 3556 Constante,
670 3475 825 3557 Himarus,
840 3477 903 3542 dux
913 3476 1056 3556 Arabum,
1071 3479 1191 3545 aPersa

89 3578 223 3663 quodam
243 3577 416 3662 Margarita,
433 3601 526 3663 quum
542 3580 649 3644 inisset
658 3579 796 3644 ammiras
807 3581 875 3646 XII
890 3581 985 3660 annis,
1002 3583 1117 3646 occisus
1134 3589 1190 3646 est·
1239 3588 1240 3591 ’

89 3681 148 3746 Cui
187 3680 332 3745 successit
360 3680 505 3760 Humam,
534 3689 680 3768 cognatus
708 3684 782 3768 ejus.
835 3683 882 3748 Eo
911 3705 1031 3769 quoque
1058 3690 1192 3770 tempore

90 3783 253 3849 Mahumet
267 3782 525 3870 pseudopropheta
539 3793 675 3850 mortuus
690 3795 744 3878 est,
761 3784 939 3852 Ababacaro
954 3789 981 3852 ei
995 3788 1169 3853 substituto.

135 3958 211 4022 Post
226 3957 319 4022 umus
330 3957 512 4040 Constantis,
522 3969 669 4028 venerunt
680 3965 832 4030 Sarraoeni
844 3966 876 4029 in
887 3965 1036 4045 Sieiliam3
1049 3970 1079 4031 et
1088 3967 1192 4032 eadem
1222 4054 1224 4061 Α

91 4059 208 4144 perlata
229 4068 412 4141 ornamenta,
429 4085 495 4147 quae
510 4065 613 4130 Romae
627 4073 763 4151 rapuerat
777 4066 934 4146 Constans,
954 4075 1190 4154 asportaverunt.

90 4161 274 4242 Vitalianus,
301 4185 393 4250 prope
418 4189 454 4230 eo
481 4173 623 4254 tompore,
639 4169 824 4237 Dovernensi
845 4170 994 4251 Ecclesia,
1017 4195 1085 4258 qua
1110 4196 1193 4238 nunc
