3042 5134
473 458 665 525 Cnuosroors
709 458 755 524 Π.
1121 464 1182 529 118

76 632 169 696 ricus.
222 629 311 694 Sedit
333 629 433 698 Linus
456 651 534 715 papa
562 629 649 695 annis
678 630 737 708 XI,
765 628 917 693 mensibus
943 629 1049 703 tribus,
1076 632 1181 700 diebus

74 730 176 798 XIII.
234 731 409 796 Secundum
447 731 602 796 historiam
638 731 869 797 ecclesiasticam
895 732 1081 819 coadjutores
1097 735 1180 801 fuere

76 834 244 900 Clementis
258 834 357 899 Linus
371 841 402 898 et
416 834 529 899 Cletus.

118 970 379 1035 VMOOLXVII.
434 970 530 1036 Narro
545 990 720 1035 rur-anama
734 990 831 1035 asum
847 971 961 1052 XIIII,
976 992 1073 1038 suros
1089 974 1177 1039 Gan.

118 1108 224 1173 Galba
238 1108 276 1173 ab
288 1109 435 1193 Hispania
458 1109 584 1173 Romam
607 1109 699 1187 venit,
715 1116 746 1173 et
771 1110 927 1195 imperavit
941 1110 1093 1174 mensibus
1118 1132 1179 1187 sex,

74 1206 184 1271 diebus
200 1214 288 1271 octo:
304 1229 393 1290 quem
415 1207 447 1271 in
462 1206 527 1271 loro
544 1206 626 1271 Otho
640 1206 800 1291 prefectus
815 1208 953 1291 practorio
968 1208 1085 1271 occidit
1118 1207 1180 1279 Qui

72 1310 237 1394 imperavit
253 1308 406 1373 mensibus
419 1308 526 1373 tribus.
550 1309 648 1373 Galba
662 1332 768 1373 avarus
780 1317 810 1373 et
821 1310 930 1394 segnis,
945 1310 1042 1373 sactus
1054 1310 1178 1393 impera·

72 1418 131 1489 tor,
158 1412 304 1475 Pisonem
328 1410 488 1495 adoptavit.
551 1411 644 1475 Hunc
670 1411 811 1475 Vitellius
834 1434 853 1475 a
881 1411 1041 1475 Germania
1062 1412 1181 1475 rediens

73 1513 197 1591 occidit,
216 1513 268 1577 sed
291 1514 520 1598 comprehensus
546 1537 563 1577 a
586 1513 730 1578 militibus
756 1512 933 1599 Vespasiani
957 1512 1182 1577 redeuntibusa

74 1612 162 1701 Syria
181 1616 419 1694 excarnificatur,
440 1623 469 1679 et
498 1639 576 1680 unco
597 1623 763 1701 pertractus
787 1618 819 1680 in
840 1615 938 1681 Tiberi
967 1624 1088 1681 necatur
1103 1638 1181 1681 auno

72 1719 143 1782 vitae
158 1740 225 1781 snae
241 1716 363 1781 LVlIo.
419 1720 510 1782 Anno
525 1718 656 1782 secundo
670 1718 787 1802 imperii
802 1718 977 1803 Vespasiani
993 1717 1179 1784 Hierusalem

76 1842 95 1884 a
113 1820 188 1884 Tito
203 1820 271 1883 filio
285 1820 349 1903 ejus
364 1819 480 1903 capitur
496 1820 544 1883 Xo
559 1821 607 1883 die
625 1821 768 1904 Augusti,
783 1828 814 1884 et
839 1820 994 1885 interiecta
1007 1821 1122 1885 suntin
1146 1844 1178 1885 ea

74 1922 221 1987 undecies
245 1922 271 1985 O
296 1922 397 1999 millia,
421 1923 498 1987 etO
527 1923 619 1987 millia
643 1922 764 2007 publice
788 1923 966 2001 venundata,
982 1924 1013 1987 in
1035 1923 1179 1987 ultionem

73 2024 270 2101 dominicam,
309 2031 339 2087 et
369 2033 490 2109 propter
515 2024 711 2089 defectionem
741 2024 778 2089 ab
805 2025 939 2109 imperio.
980 2024 1179 2106 Vespasianus

70 2128 154 2192 iilius
178 2126 293 2204 Sabini,
315 2128 366 2211 qui
389 2128 470 2211 apud
496 2127 649 2191 Helvetios
669 2127 754 2204 obiit,
779 2128 876 2191 iactus
892 2128 1052 2213 imperator
1066 2127 1181 2191 sanavit

69 2252 169 2295 unum
184 2228 324 2293 orbatum
339 2228 461 2307 lumine,
477 2236 507 2294 et
522 2229 648 2293 alterum
664 2229 754 2293 debili
769 2252 863 2295 crure.
909 2230 1049 2295 Oolossus
1072 2252 1090 2292 a
1105 2228 1179 2291 Ves-

70 2334 198 2417 pasiano
216 2331 321 2395 Romae
338 2331 471 2415 erigitur,
487 2339 517 2396 et
531 2331 713 2416 Capitolium
729 2340 829 2396 ustum
842 2355 859 2396 a
874 2332 995 2395 Nerone
1018 2337 1182 2414 reparatur.

71 2434 161 2499 Obiit
176 2455 259 2498 anno
273 2434 341 2497 vitae
357 2456 418 2497 suae
430 2434 521 2498 LXX
535 2435 647 2498 ventris
662 2435 769 2511 eluvie,
782 2443 864 2499 stans
876 2462 886 2512 ;
905 2441 936 2498 et
950 2454 1071 2497 causam
1082 2432 1181 2495 standi

73 2536 243 2620 assignavit
256 2535 367 2612 dicens,
388 2541 409 2570 “
424 2536 559 2599 Stantem
575 2537 784 2620 imperatorem
800 2559 816 2600 e
831 2536 918 2600 terris
931 2536 1071 2599 excedere
1086 2532 1180 2597 decet.

72 2641 189 2704 Passus
205 2644 252 2700 est
275 2637 379 2701 beatus
405 2638 586 2722 Apollinaris
593 2638 760 2713 ,Ravennae
831 2636 935 2702 Cessat
950 2636 1035 2701 sedes
1050 2636 1184 2700 Romana

71 2742 182 2806 diebus
200 2737 288 2803 XXI.
312 2739 333 2803 J
336 2740 436 2803 udaeos
459 2740 566 2804 missos
586 2743 702 2805 vinctos
725 2750 841 2826 atergo
862 2740 1077 2825 aVaspasiano
1091 2738 1182 2804 refert

74 2844 233 2928 Iosephus
268 2843 299 2905 in
345 2865 421 2925 aqua
456 2852 664 2927 supernatasse
689 2846 773 2927 quasi
813 2844 843 2909 vi
873 2844 1011 2928 spiritus;
1040 2844 1071 2907 hi
1100 2843 1183 2907 [uere

69 2945 248 3033 jocapatite.
284 2945 484 3029 Vespasianus
493 2946 573 3009 euim
589 2955 658 3011 ante
673 2947 821 3011 excidium
833 2946 1039 3029 Hierosolyma
1055 2948 1182 3009 Romam

71 3054 230 3139 profectus
250 3052 336 3115 duxit
354 3052 521 3135 Josephum
535 3053 567 3115 in
583 3053 719 3130 vinculis,
745 3052 909 3116 honorilice
930 3061 1040 3116 tamen.

76 3186 320 3255 vnoexxvl.
342 3187 563 3251 Vusrrsrauus
577 3208 753 3267 suasurum
768 3208 865 3252 anuis
881 3187 947 3251 IX:
972 3204 1036 3249 sos
1053 3204 1125 3247 surr
1140 3204 1181 3245 on

436 3308 562 3351 osunen
586 3309 827 3355 ruranaroauu.

120 3408 213 3472 'litus
235 3406 317 3471 tilius
333 3408 509 3492 Vespasiani
524 3414 613 3471 utens
627 3409 747 3492 proprio
770 3407 916 3471 abstinuit
931 3406 1036 3481 alieno,
1052 3404 1103 3488 qui
1118 3404 1181 3468 oul-

74 3518 169 3597 patns
182 3531 274 3593 quare
289 3511 357 3593 plus
376 3511 563 3595 promitteret
586 3532 674 3593 quam
695 3509 765 3573 dare
784 3516 894 3593 posset,
911 3509 963 3585 ait,
976 3513 995 3541 “
1010 3506 1081 3571 Non
1098 3506 1182 3571 decet

76 3632 290 3697 quemquama
300 3612 440 3695 principis
452 3633 586 3675 sermone
597 3612 732 3675 recedere
746 3612 880 3689 tristem;
893 3610 913 3637 ’'
932 3618 963 3673 et
977 3610 1134 3674 recordans
1149 3609 1181 3671 in

75 3736 165 3779 ooena
179 3735 212 3776 se
226 3712 303 3775 nibil
324 3712 376 3776 illa
396 3713 444 3776 die
462 3712 588 3790 dedisse,
611 3715 662 3789 ait,
676 3718 697 3747 “
711 3714 817 3791 Amici,
838 3714 918 3776 hunc
933 3712 1011 3775 diem
1026 3710 1180 3796 perdidi.’'

76 3816 164 3880 Sedit
188 3813 292 3877 Gletus
315 3835 392 3898 papa
414 3815 500 3877 annis
516 3814 573 3886 XI,
589 3837 689 3877 mense
709 3816 736 3893 I,
753 3815 857 3878 diebus
884 3814 929 3879 ΙΙ.
967 3813 1181 3877 Pontificatum

72 3940 105 3982 se
114 3917 186 3981 ideo
199 3916 288 3979 Titus
298 3917 445 4000 accepisse
460 3916 611 4001 protessus
626 3924 681 3994 est,
698 3925 732 3981 ut
748 3940 836 4001 puras
852 3927 978 3981 servaret
995 3939 1109 3992 manus,
1127 3938 1180 3977 nec

73 4020 167 4085 caedis
189 4024 269 4081 esset
292 4026 396 4083 auctor
421 4041 478 4083 nec
507 4020 653 4083 conscius.
701 4018 739 4083 ln
761 4018 970 4103 amphitheatri
997 4018 1180 4082 dedicatione

74 4122 104 4184 V
117 4118 201 4185 mille
214 4119 345 4184 terarum
360 4120 478 4185 occidit.
522 4121 578 4185 Vir
592 4122 654 4269 iulip
674 4122 756 4186 omni
772 4122 916 4185 virtutum
938 4143 1044 4204 genere
1065 4128 1179 4206 spocta-
