3042 5134
296 513 337 577 28
471 612 476 619 Ι
680 512 827 579 Rauuun
863 514 966 579 Nronr

298 708 373 784 201,
384 711 415 771 et
423 707 579 793 imperavit
587 709 674 773 aunis
686 712 716 775 7.
728 709 789 775 Hic
798 709 858 773 iuit
867 708 992 774 libidine
1001 707 1248 791 intemperantior
1258 712 1353 793 patre,

295 815 328 873 et
342 831 501 875 novercam
514 832 598 875 suam
614 810 701 875 duxit
714 813 747 877 iu
761 834 896 877 uxorem.
970 810 1040 875 Hoc
1057 816 1193 895 tempore
1207 811 1352 895 pradica-

292 910 339 975 vit
349 910 545 997 Symmachus
555 912 724 994 hereticus,
736 914 890 979 Christum
902 913 994 978 fuisse
1002 913 1099 978 hlium
1111 913 1133 978 J
1133 914 1236 999 osaph,
1248 919 1280 977 et
1290 935 1353 978 nou

420 1117 427 1130 ’
467 1118 645 1183 osuccessit
660 1118 762 1183 Macer
777 1117 942 1197 Macrinus,
958 1116 1061 1203 palatii
1075 1117 1254 1201 praefectus3
1288 1116 1353 1195 sed,

295 1240 417 1285 emenso
439 1242 530 1298 auno,
545 1221 681 1286 tumultu
694 1221 816 1286 militari
830 1222 947 1287 occisus
961 1228 1016 1285 est.
1059 1220 1184 1285 sivero
1210 1221 1356 1285 successit

296 1322 440 1388 Aurelius
468 1324 644 1389 Antoninus
666 1323 812 1389 Gabalus.
857 1324 922 1390 Iste
944 1322 1064 1388 Mennis
1078 1322 1310 1401 memoriaeiuit,
1327 1329 1360 1387 et

294 1424 406 1490 idcirco
419 1446 489 1490 cum
503 1432 597 1491 mame
612 1448 665 1490 sua
681 1425 803 1491 militari
816 1425 951 1490 tumultu
966 1425 1081 1490 occisus
1090 1432 1146 1489 est.
1193 1424 1276 1489 Huic
1286 1447 1355 1489 suc·

297 1527 387 1593 cessit
400 1527 571 1594 Alexander
585 1527 719 1606 Maness,
734 1549 814 1593 anno
834 1527 1046 1593 iucarnationis
1061 1530 1135 1606 212,
1152 1533 1183 1591 et
1196 1528 1357 1613 imperavit

296 1631 339 1694 13
354 1630 448 1695 aunis.
494 1629 597 1716 Hujus
611 1636 706 1695 mater
720 1631 880 1696 Mammeos
892 1629 930 1697 ab
953 1630 1068 1715 origiue
1082 1629 1230 1695 instructa
1245 1637 1292 1695 est
1306 1643 1357 1695 ut·

298 1738 370 1817 pote
384 1731 561 1797 Christiana.

343 1832 403 1898 His
417 1841 519 1899 tamen
533 1833 719 1921 temporibus
733 1834 813 1920 passi
828 1841 900 1900 suut
917 1833 1022 1899 Romae
1041 1833 1178 1899 liberius
1195 1841 1227 1899 et
1240 1836 1358 1901 Valeri-

299 1958 376 2003 anus
390 1945 421 2002 et
434 1936 554 2003 Ceeilm
609 1937 783 2003 Alexandro
797 1938 937 2003 successit
961 1938 1114 2002 Maximus
1140 1938 1252 2018 Julius,
1277 1962 1360 2005 anuo

299 2040 512 2107 iucarnationis
523 2042 597 2119 225,
608 2040 736 2105 infestus
749 2041 895 2106 universae
909 2040 1011 2105 domui
1025 2040 1197 2106 Alexandri.
1221 2042 1313 2107 Unde
1329 2050 1361 2108 et

301 2141 439 2228 praelatos
453 2149 484 2208 et
498 2142 633 2208 doctores
648 2142 841 2209 emlesiam
855 2141 966 2227 ubique
979 2142 1081 2228 puniri
1095 2142 1174 2208 fecit.
1221 2144 1285 2209 Sub
1300 2145 1360 2211 hoc

299 2267 405 2331 passus
419 2251 466 2311 est
479 2245 645 2311 Pontianus
669 2267 755 2330 papa,
772 2244 819 2310 cui
835 2245 977 2310 successit
991 2244 1155 2323 Autherus,
1182 2252 1213 2310 et
1236 2247 1264 2311 ei
1289 2255 1360 2332 post

298 2370 432 2415 mensem
445 2347 605 2425 Fabianus,
627 2348 691 2433 qui,
715 2347 813 2413 iudice
836 2346 982 2427 columba,
1010 2370 1104 2434 quum
1118 2348 1155 2413 de
1169 2370 1242 2433 agro
1262 2372 1362 2415 rever-

298 2457 422 2531 teretur,
436 2450 548 2517 electus
562 2458 618 2517 est.

342 2553 402 2619 Per
423 2554 502 2619 idem
523 2559 642 2639 tempus
666 2551 795 2616 Berillus
818 2551 966 2618 asserebat
989 2552 1141 2618 Christum
1165 2554 1259 2619 inisse
1289 2561 1361 2621 ante

301 2657 366 2742 ejus
380 2656 588 2735 nativitatem
623 2654 652 2719 ei
665 2676 737 2719 vero
750 2655 848 2720 inesse
859 2654 1044 2721 divinitatem
1058 2655 1197 2742 negabat,
1212 2658 1272 2722 uisi
1286 2681 1361 2744 qua·

301 2766 391 2823 teum
419 2758 447 2825 ei
474 2765 559 2845 pater
586 2755 787 2833 inhabitaret;
822 2757 875 2823 sed
907 2779 976 2823 eum
1004 2760 1151 2825 convertit
1177 2766 1208 2825 et
1231 2762 1363 2826 correxit

304 2860 460 2947 Origenes.
1346 2897 1349 2905 ·

346 2964 464 3029 iulium
478 2961 588 3028 occidit
602 2962 758 3048 Pupienus
770 2988 779 3041 ς
803 2963 855 3026 sed
882 2962 983 3027 statim
1006 2985 1073 3028 cum
1098 2964 1189 3029 fratre
1215 2988 1270 3031 suo
1291 2966 1363 3032 Bal-

302 3065 375 3132 bino
389 3067 421 3132 iu
435 3065 546 3152 palatio
560 3065 628 3130 cassi
643 3071 724 3129 suut.
770 3064 940 3130 Gordianus
954 3088 1024 3131 vero
1039 3069 1170 3152 suscepit
1191 3068 1363 3153 imperium,

304 3191 384 3235 anuo
410 3168 622 3235 incarnationis
649 3171 723 3232 228.
768 3167 949 3233 Floruerunt
978 3168 1084 3233 diebus
1109 3171 1173 3253 ejus
1200 3172 1364 3238 Munatius

305 3272 471 3338 catholicus
509 3270 774 3349 nominatissimus,
804 3277 835 3335 et
870 3271 1052 3356 Porphyrius
1080 3272 1286 3358 philosophus,
1333 3283 1365 3339 et

308 3375 415 3440 Victor
442 3373 585 3459 sophista.
630 3373 783 3438 Gordiano
813 3380 881 3458 post
911 3377 930 3437 6
960 3394 1055 3437 annos
1089 3374 1247 3439 interiecto
1276 3399 1364 3442 secus

301 3477 487 3562 Euphraten,
493 3476 652 3541 successsit
662 3474 830 3561 Philippus,
842 3475 894 3560 qni
906 3483 937 3540 et
949 3476 992 3539 M.
1005 3476 1026 3539 J
1027 3475 1107 3539 nlius
1117 3476 1213 3541 dictus
1225 3484 1280 3556 est,
1291 3501 1361 3545 curn

300 3579 369 3644 snio
383 3600 439 3643 suo
452 3578 604 3663 Philippo,
619 3599 698 3642 auno
709 3578 922 3643 incarnationis
936 3578 1060 3643 Domini
1073 3582 1146 3656 237,
1163 3586 1193 3643 et
1206 3579 1366 3666 imperavit

301 3682 388 3749 annis
399 3686 428 3750 l.
439 3681 497 3747 Ille
507 3680 842 3767 primusimperatorum
853 3680 1090 3745 Christianorum
1101 3681 1199 3745 filium
1211 3702 1301 3747 suum
1317 3706 1365 3751 ac-

300 3785 372 3851 civit
382 3792 551 3851 consortem
564 3784 597 3848 iu
611 3784 780 3868 imperium.
825 3782 889 3847 Iste
899 3783 933 3847 in
948 3783 1063 3848 Pascha
1077 3804 1139 3848 nou
1154 3790 1200 3847 est
1214 3784 1367 3852 admissus

301 3889 339 3955 ad
354 3891 553 3965 Sacramenta,
567 3887 741 3972 priusquam
754 3886 947 3951 confiteretur
969 3892 1102 3971 peccata.
1159 3885 1250 3956 Quod
1265 3894 1296 3953 et
1310 3890 1368 3962 lib.

301 3997 385 4058 enter
399 3997 430 4056 et
444 3990 596 4057 humiliter
609 3990 690 4055 iecit.
733 3989 782 4054 Eo
806 4010 877 4053 vero
899 3994 1033 4074 tempore
1058 3988 1116 4053 fuit
1143 3988 1275 4071 haerens,
1301 4015 1370 4077 quas

301 4094 420 4161 doceret
442 4093 634 4159 auimasmori
656 4113 725 4157 cum
744 4090 927 4178 corporibus,
938 4099 969 4157 st
989 4092 1100 4157 iterum
1121 4114 1277 4179 resurgere
1297 4117 1369 4162 cum

306 4220 364 4263 ers.

361 4301 500 4387 Utroque
515 4298 637 4367 demum
651 4296 795 4385 Philippo
806 4296 910 4365 iraude
920 4296 1007 4363 Decii
1017 4297 1207 4384 interempto,
1227 4302 1373 4367 successit
