3042 5134
567 489 758 557 Cuuoruoou
774 493 820 556 II.
1159 497 1218 558 125

118 670 344 739 Alexandrinus
368 675 398 732 et
420 665 570 732 Eusebius
592 665 789 732 vercellensis
815 667 970 752 episcopus
993 672 1023 731 et
1048 674 1159 753 martyr
1187 677 1218 734 et

117 775 257 840 Hilarius
287 773 478 836 Pictavensis.
527 769 611 833 Sedit
632 768 770 833 Liberius
791 767 877 832 annis
899 769 938 847 X,
962 769 1114 833 mensibus
1136 770 1212 850 VII,

119 879 228 944 diebus
242 875 320 953 VII,
348 872 400 937 sed
423 896 457 936 eo
472 872 606 957 deposito
621 871 697 936 sedit
716 871 802 937 Helix
816 894 894 936 anno
921 871 948 935 Ι.
983 873 1052 936 θοι]
1077 872 1214 938 Liberius

118 981 274 1046 declinans
306 979 338 1042 in
367 976 501 1040 haeresim
534 980 687 1039 revocatur
715 973 759 1038 ab
782 975 880 1051 exilio,
904 980 934 1037 et
956 975 1086 1039 secundo
1116 977 1214 1041 Felice

118 1083 258 1169 depositi,
274 1080 351 1144 sedit
365 1081 473 1143 iterum
487 1077 624 1142 Liberius
639 1076 725 1140 annis
739 1077 779 1140 V.
824 1075 887 1141 Sub
902 1075 960 1141 hoc
971 1077 1090 1142 Liberio
1101 1079 1212 1143 iactum

115 1194 164 1250 est
186 1184 362 1248 miraculum
386 1182 423 1245 de
447 1193 549 1244 sancto
575 1179 691 1243 Hilario
721 1178 758 1242 de
786 1185 873 1242 terrae
902 1179 1073 1244 elevatione.
1118 1182 1211 1246 Passo

116 1289 259 1372 episcopo
284 1284 415 1350 Eusebio
439 1283 675 1348 Christianorum
691 1281 730 1345 tit
746 1281 944 1366 persequutio.
1000 1283 1215 1351 Constantinus

117 1391 207 1454 filins
232 1387 420 1453 Constantini
446 1385 521 1451 obiit
550 1384 743 1449 Nicomedia.
799 1384 950 1448 Constans
974 1384 1042 1449 dolo
1068 1387 1217 1472 Magantii

114 1492 177 1558 filii
191 1491 338 1556 Maxentii
356 1492 387 1554 in
397 1489 494 1554 Gallia
506 1489 661 1554 occiditur.
706 1488 882 1570 Magontins
893 1488 991 1552 victus
1006 1512 1023 1552 a
1038 1488 1215 1556 Constantio

116 1595 200 1682 apud
214 1595 348 1658 Mursam
362 1593 443 1678 fugit
463 1600 494 1657 et
508 1592 653 1677 Lugduni
668 1615 700 1656 se
713 1592 871 1670 interiecit,
889 1593 973 1677 cnjus
988 1593 1079 1657 irater
1094 1594 1209 1658 Decen-

112 1700 179 1763 tius
196 1695 323 1761 Senouis
338 1719 369 1760 se
383 1696 548 1782 suspendit.
583 1694 777 1760 Constantius
793 1695 912 1760 Gallum
929 1697 1027 1780 patrui
1043 1697 1090 1761 sui
1100 1697 1208 1776 filium,

112 1823 133 1866 a
149 1823 180 1864 se
200 1800 313 1864 iactum
337 1799 482 1864 Caesarem
502 1799 620 1863 tratrem
642 1798 758 1862 Iuliani
780 1799 932 1864 interficit.
963 1801 1068 1866 Latrat
1090 1802 1211 1868 heresis

112 1904 440 1988 Antromorphitarnm,
470 1902 502 1966 hi
531 1902 637 1966 dicrum
662 1902 761 1966 Deum
786 1901 894 1966 babere
914 1903 1044 1969 hnmana
1068 1905 1209 1972 membra.

114 2005 225 2072 Quum
248 2006 368 2089 qnidam
394 2005 493 2069 dictus
516 2004 579 2069 Leo
605 2004 811 2089 exprobrando
832 2004 942 2070 diceret
962 2006 1047 2072 beato
1073 2007 1211 2094 Hylario‚

112 2115 137 2146 “
147 2109 196 2174 'lu
210 2131 242 2173 es
259 2107 402 2181 Gallus,”
418 2108 571 2195 respoudit
583 2113 604 2142 “
614 2108 681 2192 ligo
703 2107 808 2171 Gallus
824 2129 884 2170 uon
903 2130 979 2186 snm,
998 2110 1049 2173 sed
1064 2110 1101 2175 de
1114 2111 1210 2178 Galba

111 2219 215 2284 uatus,
230 2218 261 2275 et
274 2217 309 2274 tu
324 2233 355 2274 es
370 2212 442 2288 Leo,
464 2209 516 2274 sed
539 2232 599 2274 non
616 2210 653 2273 de
673 2208 754 2273 tribu
774 2209 864 2274 Iuda.
876 2209 897 2238 ’³
921 2211 1069 2276 Revocato
1094 2213 1209 2278 Hilario

111 2321 237 2379 sanctus
257 2314 407 2377 Martinus
427 2311 483 2377 sub
509 2335 546 2376 eo
564 2311 768 2390 monachatus,
794 2318 825 2375 et
848 2318 915 2396 post
941 2313 1012 2376 visis
1038 2313 1212 2397 parentibus

110 2418 240 2496 sabaria,
266 2417 374 2481 mansit
399 2416 573 2495 Mediolani,
599 2415 651 2480 sed
677 2437 745 2478 enm
780 2415 944 2479 Auxentius
969 2416 1113 2482 Arrianus
1142 2416 1211 2482 inde

111 2520 240 2606 expulit
270 2519 397 2584 Sanetus
420 2519 558 2584 Lidorius
581 2518 619 2582 lit
643 2517 792 2582 Theronis
818 2517 1076 2604 Archiepiscopns.
1101 2518 1210 2584 Obiere

111 2623 228 2688 Paulus
252 2630 283 2686 et
305 2623 454 2686 Antonius
480 2622 622 2686 eremita.
680 2621 767 2686 Tunc
789 2620 876 2685 beato
897 2622 1031 2686 Antonio
1046 2622 1078 2684 in
1093 2622 1209 2688 deserto

111 2725 237 2810 vaganti
252 2724 395 2808 loquutus
418 2731 463 2789 est
477 2732 603 2809 satyrus,
619 2731 649 2787 et
664 2724 770 2788 obvius
785 2724 843 2789 fuit
866 2724 1042 2790 Centaurus.
1088 2725 1207 2792 Clarent

114 2829 256 2893 Donatus
272 2828 490 2910 grammaticus,
506 2835 536 2892 et
551 2827 726 2890 Victorinus
740 2827 841 2890 rhetor
856 2833 987 2891 extremo
1003 2826 1179 2913 baptizatus.
1234 2881 1237 2886 .

161 2928 379 2994 VMDLVIII.
428 2928 672 2993 Cousraurms
701 2948 883 2994 rurunuvm
913 2951 1017 2994 nuurs
1047 2931 1210 2998 XXIIII:

113 3055 223 3100 smms
238 3036 484 3099 Cousrmmr.

156 3138 385 3202 Valentinianus
402 3135 588 3202 Millenarins
602 3137 774 3202 ministrum
788 3159 877 3222 super
893 3160 924 3202 se
938 3140 1092 3222 apostasiae
1103 3161 1210 3222 aquam

106 3241 269 3326 jacientem
291 3241 446 3324 percussit,
469 3249 499 3303 et
522 3239 658 3303 exulatus
683 3247 749 3303 est:
774 3239 825 3304 sed
855 3248 1008 3304 revocatus
1037 3241 1133 3305 factus
1164 3249 1210 3306 est

110 3346 273 3428 imperator
294 3349 370 3427 'post
399 3342 601 3406 Ioviniaunm.
648 3341 788 3406 Iulianus
818 3341 959 3406 diaconus
989 3349 1018 3406 et
1047 3343 1210 3408 monachus

112 3451 273 3532 apostatat,
290 3452 321 3509 et
336 3445 524 3530 Pigmenium
541 3445 715 3529 magistrum
730 3465 816 3507 suum
833 3444 865 3510 iu
880 3442 979 3507 Tiberi
993 3450 1089 3508 necat.
1134 3444 1210 3509 Cau-

109 3571 175 3614 sam
191 3548 345 3633 apostasiae
359 3548 391 3611 in
404 3547 563 3632 Tripartita
582 3547 708 3631 reperies
728 3545 873 3610 Historia.
918 3546 1040 3630 Coqnos
1054 3570 1070 3611 a
1086 3547 1165 3611 curia
1181 3554 1212 3612 et

12 3702 13 3717 .
109 3659 251 3716 tonsores
272 3651 371 3730 erasit,
388 3651 457 3735 quia
479 3649 579 3713 crudis
599 3656 718 3713 tautum
748 3649 921 3714 vescebatur
942 3650 1150 3734 leguminibus,
1181 3657 1212 3715 et

109 3754 273 3819 Nazaraeus
288 3754 457 3839 permansit.
502 3752 668 3818 Undecima
679 3754 870 3837 persequutio
885 3753 1118 3818 Christianorum
1131 3755 1209 3820 iacta

111 3862 160 3922 est
173 3856 308 3920 illiciens.

160 3958 319 4043 [Iulianus
339 3959 371 4022 in
393 3959 521 4043 pueritia
543 3980 635 4042 quum
652 3957 779 4041 quadam
800 3957 848 4021 die
864 3956 985 4021 absente
1000 3957 1141 4042 magistro
1156 3980 1209 4042 per

111 4062 259 4148 quasdam
281 4061 481 4147 adjurationes
497 4085 569 4146 quas
592 4061 626 4124 in
640 4060 716 4124 libro
738 4061 873 4145 magistri
894 4061 953 4124 Siri
976 4061 1099 4145 scriptas
1114 4083 1209 4145 reper-

111 4170 186 4244 erat,
223 4163 447 4253 multitudinem
483 4165 650 4230 doemonnm
683 4161 865 4241 advocasset,
898 4161 1016 4227 illorum
1056 4164 1212 4247 praesentia
