3042 5134
349 539 388 602 16
733 539 879 607 Ranunrr
916 542 1020 610 Nraar

347 713 546 779 sacerdotium
567 715 645 782 idem
663 718 830 785 Menelaus.
876 722 946 793 Quo
966 721 1102 806 deposito
1121 720 1212 785 trater
1231 721 1295 806 ejus
1314 720 1399 807 Lysi-
1505 718 1506 801 J

347 817 469 880 machus
490 817 621 883 obtinuit
643 822 850 886 sacerdotium.
897 823 959 894 Qui
980 831 1093 909 postea,
1114 845 1187 886 auro
1210 829 1399 908 exportatae
1505 884 1506 915 3

345 918 479 1003 Templo,
497 943 644 986 concursu
663 923 760 1006 plebis
781 925 929 1008 lapidatus
944 932 999 989 cst.
1044 926 1119 989 Post
1139 925 1213 1003 haec,
1229 926 1398 989 Antiochus

345 1022 483 1104 spoliavit
492 1023 659 1108 Templum,
672 1031 702 1088 et
711 1026 865 1109 prohibuit
876 1027 991 1091 cultum
1003 1027 1023 1090 J
1026 1027 1177 1090 udaeorum
1182 1054 1192 1104 3
1216 1034 1247 1090 et
1257 1029 1398 1112 pracepit
1505 1054 1506 1065 2

344 1145 394 1186 eos
414 1123 565 1208 inquinari
585 1127 747 1190 immundis
770 1129 852 1201 escis,
868 1141 899 1192 et
920 1129 1072 1193 comedere
1096 1128 1224 1193 suillam.
1270 1129 1339 1198 Qua
1359 1130 1396 1194 dc

343 1247 432 1289 causa
448 1227 534 1290 multi
555 1228 695 1292 trucidati
717 1237 797 1307 sunt,
814 1231 866 1314 qui
880 1231 1049 1295 maluerunt
1068 1231 1143 1294 mori
1154 1230 1284 1314 gloriose
1306 1253 1396 1314 quam

342 1331 470 1412 turpiter
485 1329 592 1408 vivere,
608 1337 638 1393 et
653 1337 756 1395 contra
776 1332 888 1416 Legem
907 1354 1003 1416 agere.
1048 1332 1143 1396 Multi
1164 1339 1266 1396 tamen
1280 1355 1298 1395 a
1311 1333 1394 1416 Lege

341 1428 400 1493 Dei
429 1439 623 1495 recesserunt.
668 1433 707 1496 In
738 1433 799 1497 illis
835 1457 904 1498 vero
933 1433 1039 1498 diebus
1073 1433 1169 1497 Judas
1206 1433 1393 1498 Maccabaeus
1505 1488 1506 1499 ,

341 1541 500 1598 recesserat
527 1535 559 1598 iu
582 1535 750 1614 Desertum,
775 1558 814 1599 ne
841 1536 927 1600 fieret
954 1535 1102 1620 particeps
1131 1537 1390 1620 prevaricationis.

340 1634 404 1697 Iste
441 1656 509 1698 cum
544 1638 647 1720 paucis
682 1638 853 1721 frequenter
887 1639 1003 1702 attrivit
1038 1638 1202 1701 exercitum
1235 1639 1390 1716 Antiochi,

340 1743 376 1798 ut
399 1737 496 1820 palam
515 1744 592 1801 esset
611 1739 688 1803 vires
708 1739 864 1804 hominum
885 1741 961 1804 nihil
983 1762 1070 1824 posse
1092 1746 1195 1803 contra
1216 1740 1389 1804 Dominum.
1505 1744 1506 1779 l

340 1837 430 1902 Unde
450 1840 555 1903 statuit
575 1841 743 1905 Antiochus
766 1842 956 1906 Hierusalem
971 1842 1093 1906 omnino
1114 1841 1275 1906 destrucre.
1321 1843 1390 1921 Sed,
1505 1910 1506 1937 ¹

338 1939 412 2002 dum
426 1962 460 2004 eo
473 1941 616 2020 tenderet,
626 1965 715 2006 ruens
738 1942 775 2006 de
790 1966 880 2007 curru
894 1966 949 2008 suo
963 1944 1109 2007 contritus
1124 1949 1179 2007 cst.
1223 1943 1281 2008 cui
1297 1967 1391 2028 quum
1505 1952 1506 2023 ξ

340 2040 460 2106 deberet
482 2043 638 2107 succedere
660 2044 742 2108 lilius
765 2046 830 2128 ejus
851 2045 1021 2109 Antiochus
1042 2046 1188 2128 Eupator,
1208 2068 1277 2109 cum
1299 2047 1390 2132 Lysia

338 2149 437 2207 tutore
460 2137 650 2210 suo'occisus
673 2157 718 2209 est
740 2170 758 2210 a
779 2147 933 2211 Demetrio
954 2147 1019 2210 filio
1040 2147 1155 2210 Seleuci
1165 2174 1175 2225 3
1202 2154 1233 2211 et
1255 2149 1390 2232 regnavit
1505 2216 1506 2243 ,

338 2244 517 2310 Demetrius.
563 2248 656 2332 Apud
675 2249 769 2312 istum
797 2249 963 2326 Alchimus,
985 2249 1075 2312 irater
1097 2248 1193 2327 Ouiae,
1218 2249 1389 2334 depravavit
1505 2246 1506 2329 Ϊ

337 2350 449 2414 Judam
468 2352 681 2416 Maccahaeum.
719 2352 806 2416 Misit
829 2374 900 2436 crgo
921 2372 977 2414 rex
1000 2352 1190 2430 Nicanorem,
1213 2360 1249 2416 ut
1270 2361 1387 2438 caperet

336 2453 457 2532 dudam,
485 2461 515 2518 et
540 2455 649 2519 laceret
677 2453 846 2518 Alchimum
877 2453 1069 2518 sacerdotem.
1138 2454 1199 2523 Qui
1229 2463 1386 2538 postquam
1505 2482 1506 2503 ³

336 2555 520 2620 destruxerat
542 2579 659 2620 murum
681 2555 849 2619 interiorem
871 2555 1093 2639 prophetarum,
1105 2555 1243 2639 elinguis,
1256 2557 1384 2642 paralysi

336 2663 381 2720 est
397 2658 568 2722 dissolutus.
614 2658 833 2722 Deficientihus
862 2659 955 2742 igitur
983 2657 1186 2722 sacerdotibus
1209 2658 1246 2722 de
1275 2682 1383 2743 genere
1505 2670 1506 2733 1

334 2760 445 2838 Aaron,
468 2760 608 2824 defuncto
639 2759 730 2838 Juda,
757 2759 908 2824 Jonathan
930 2761 1021 2824 trater
1046 2761 1111 2845 ejus
1134 2766 1164 2823 et
1184 2760 1384 2846 principatum
1505 2844 1506 2873 1

336 2860 461 2946 adeptus
477 2868 521 2926 est
536 2869 565 2926 ct
581 2861 792 2926 sacerdotium.
1189 2894 1190 2897 ¹

378 2964 505 3042 Interea,
536 2964 714 3042 Alexander,
744 2965 826 3028 iilius
856 2963 1026 3048 Eupatoria,
1051 2963 1161 3028 occidit
1186 2963 1382 3028 Demetrium.

335 3064 428 3150 Cujus
463 3066 545 3129 silius
574 3066 745 3130 Demetrius
776 3066 904 3130 eundem
935 3065 1045 3129 occidit
1073 3065 1276 3130 Alexandrum
1288 3092 1298 3144 3
1335 3065 1388 3129 sed

331 3174 434 3251 postea
455 3167 488 3230 iu
509 3168 659 3253 Hyrcania
680 3168 880 3252 deprehensus
901 3167 1041 3230 exulavit.
1086 3167 1119 3230 Is
1140 3173 1240 3231 tamen
1263 3168 1383 3232 cuidam
1505 3160 1506 3181 1

336 3320 414 3335 ......
433 3271 531 3334 lilium
556 3293 643 3334 suum
670 3271 865 3348 commiserat,
892 3269 1005 3333 scilicet
1025 3269 1169 3353 Triphon,
1197 3270 1250 3352 qui
1270 3276 1382 3353 putans
1505 3288 1506 3313 ³

331 3371 536 3436 Alexandrum
565 3373 733 3450 decessisse,
764 3372 874 3436 occidit
902 3393 1028 3455 puerum
1040 3398 1049 3448 ;
1081 3371 1175 3434 etita
1195 3393 1321 3454 regnum
1343 3371 1381 3435 ad

331 3473 478 3536 haeredem
503 3475 648 3538 Demetrii
674 3473 771 3538 rediit.
816 3473 956 3537 Jouathae
979 3472 1122 3536 successit
1151 3473 1263 3556 Symon
1293 3473 1384 3537 irater

331 3574 406 3658 ejus,
423 3581 453 3637 et
468 3574 494 3638 ei
509 3575 590 3638 iilius
605 3576 668 3660 ejus
686 3575 706 3638 J
708 3576 849 3652 ohannes,
866 3574 919 3657 qui
941 3579 1045 3657 postca
1066 3572 1210 3636 dimicans
1225 3573 1382 3637 adversum
1505 3578 1506 3613 l

331 3677 497 3761 Hyrcanos,
524 3685 627 3761 postea
655 3685 777 3741 vocatus
805 3685 853 3740 est
882 3683 913 3738 et
937 3676 1001 3758 ipsc
1028 3674 1195 3759 Hyrcauus.
1241 3675 1382 3759 Hyrcano

328 3779 471 3844 successit
485 3779 687 3857 Aristobnlus,
703 3792 807 3864 postea
823 3778 919 3842 factus
942 3799 994 3840 rex
1008 3783 1038 3840 et
1060 3776 1206 3840 sacerdos.
1250 3777 1290 3840 Ei
1311 3799 1380 3841 vero

291 3923 292 3926 =
327 3882 468 3946 successit
493 3882 662 3946 Alexander
684 3905 735 3944 rex
755 3888 786 3944 et
807 3879 961 3957 sacerdos;
986 3879 1038 3962 qui
1061 3878 1136 3941 duos
1160 3878 1274 3942 habeus
1299 3879 1379 3942 filios

329 3983 539 4049 Aristobulum
554 3991 585 4047 et
601 3985 784 4070 Hyrcanum,
800 3981 977 4046 Alexandra
996 3981 1086 4044 matri
1100 4003 1205 4044 eorum
1220 3982 1379 4059 commisit,

328 4101 365 4152 ut
387 4088 413 4151 ei
436 4087 633 4150 committeret
662 4085 870 4162 sacerdotium,
893 4106 983 4167 quem
1012 4082 1107 4166 magis
1138 4083 1280 4146 idoneum
1310 4105 1381 4146 con-

327 4191 462 4274 spiceret.
514 4189 572 4252 Illa
586 4211 655 4251 vero
670 4187 801 4272 praetulit
816 4186 990 4271 Hyrcanum
1003 4185 1163 4268 juniorem.
1207 4185 1378 4248 Alexandra

327 4298 452 4367 mortua,
470 4291 557 4354 cessit
581 4291 741 4375 Hyrcanus
756 4285 940 4352 Aristobulo.
971 4287 1082 4351 Postea
1095 4308 1165 4351 vero
1178 4287 1324 4350 excitatus
1339 4285 1377 4349 ab
