3042 5134
297 496 347 568 tt
710 502 857 597 llanourr
883 500 988 569 Nronr

188 683 193 691 ”
305 681 464 743 suaserunt
480 680 516 740 ut
537 681 656 741 voearet
673 697 783 763 popam
804 675 995 763 sylvestrem,
1009 675 1063 761 qni
1083 681 1160 741 tunc
1180 681 1246 743 erat
1261 675 1295 741 in
1308 682 1416 743 monte

302 780 479 857 Boraota,·et
493 780 558 864 ejus
572 785 706 843 uteretur
722 780 876 845 medicina.
921 779 1038 844 Vocato
1052 779 1147 865 igitur
1162 778 1320 857 silvestro,
1337 777 1415 864 bap·

304 882 425 960 tiaatur,
441 886 472 945 et
491 882 612 946 sanitati
631 882 809 948 mlituitur.
853 882 945 977 Unde
966 882 1069 947 statim
1088 882 1228 967 pracepit
1243 904 1297 967 per
1311 888 1412 947 totum

305 982 407 1051 orbern
422 984 522 1048 claudi
535 984 657 1070 templa,
671 994 702 1049 et
717 1008 836 1050 omnem
859 985 1101 1071 superstitionem
1123 984 1245 1063 aboleri,
1260 991 1292 1049 et
1307 984 1415 1049 Fidem

304 1087 423 1152 servari.
468 1087 627 1153 Exstruxit
637 1110 756 1174 qnoque
768 1089 876 1155 multas
891 1088 1050 1169 ecclesias3
1074 1096 1105 1153 et
1127 1087 1247 1153 demum
1264 1088 1416 1153 aedilicata

304 1190 459 1276 Byzantio,
481 1191 599 1255 vocavit
617 1214 682 1256 earn
701 1192 823 1257 nornine
842 1214 898 1257 suo
919 1192 1264 1270 Oonomrmoron13
1288 1197 1320 1255 et
1344 1212 1416 1255 oum

307 1292 471 1359 Nobilibus
494 1295 698 1360 Romanorum
720 1295 758 1360 ad
780 1318 845 1360 eam
860 1296 1015 1375 transirit3
1039 1295 1111 1360 dato
1132 1295 1250 1361 Palatio
1272 1317 1330 1360 suo
1344 1318 1416 1373 cum

304 1397 454 1482 regalibus
468 1397 556 1463 beato
570 1398 666 1464 Paulo
680 1405 711 1462 et
725 1399 816 1463 Petro
830 1406 861 1463 et
876 1398 1030 1463 Silvestro.

348 1504 427 1565 Acta
455 1508 499 1565 est
532 1502 627 1586 igitur
656 1522 692 1565 ex
718 1500 866 1585 prioribus
892 1524 999 1583 magna
1029 1501 1135 1566 laetitia
1161 1501 1194 1565 in
1220 1500 1358 1587 populo;
1388 1506 1421 1566 et

305 1605 404 1689 puniti
418 1613 492 1669 sunt
513 1605 565 1688 qui
585 1605 668 1689 prius
688 1604 875 1669 Christianos
892 1606 1063 1689 punierunt,
1085 1611 1117 1669 et
1137 1605 1196 1669 filii
1210 1606 1302 1669 etiam
1320 1604 1421 1670 Maxi·

309 1707 391 1770 mini.
438 1705 499 1770 Sed
521 1714 552 1769 et
574 1706 661 1770 dolus
684 1706 842 1771 sacerdotis
868 1708 1051 1771 Antiocheni
1074 1707 1229 1786 daemonis,
1249 1713 1281 1772 et
1302 1708 1423 1773 fallacia

308 1808 463 1873 'l'heotecti
482 1815 512 1872 et
533 1809 721 1894 complicium
743 1810 817 1894 ejus,
833 1810 962 1875 relevata
984 1816 1077 1890 sunt,
1100 1818 1131 1875 et
1145 1810 1244 1875 factus
1259 1816 1307 1874 est
1322 1818 1422 1875 status

309 1909 454 1975 Ecclesiae
474 1910 614 1995 optimus,
631 1911 830 1975 Constantino
850 1913 924 1975 totis
945 1912 1058 1976 viribus
1077 1912 1264 1996 relligionem
1287 1913 1421 1977 fovente.

309 2014 425 2078 Invidit
437 2012 559 2078 tandem
576 2013 720 2092 Licinius,
741 2021 773 2079 et
795 2016 897 2079 saevire
919 2017 1010 2100 coepit
1033 2016 1063 2079 in
1085 2016 1283 2093 Christianos,
1307 2016 1421 2092 dicens,

310 2117 390 2201 quod
400 2117 563 2180 Dominum
575 2140 665 2180 sunm
676 2139 738 2180 non
749 2124 905 2181 exorarent
916 2140 971 2201 pro
983 2140 1028 2194 eo,
1041 2117 1120 2181 sicut
1132 2140 1186 2201 pro
1200 2117 1419 2192 Constantino:

314 2219 366 2283 sed
381 2219 550 2283 memoriam
567 2228 597 2283 et
611 2220 741 2285 intorem
764 2220 827 2304 ejus
843 2220 952 2303 pariter
968 2220 1186 2283 Constantinus
1207 2218 1331 2283 delevit.
1377 2218 1424 2283 Eo

313 2330 446 2407 ternpore
460 2321 551 2386 etiarn
567 2322 693 2399 Helena,
703 2322 725 2363 ὕ
740 2330 835 2385 mater
849 2322 1049 2399 Constantini,
1068 2321 1286 2406 Hierosolymis
1303 2322 1424 2406 lignum

313 2427 482 2491 Dominicae
497 2426 601 2490 Crucis
615 2425 739 2502 invenit,
751 2432 782 2489 et
797 2431 911 2509 partem
928 2424 1144 2509 Hierosolymis
1159 2424 1291 2509 reliquit,
1309 2432 1426 2511 partem

316 2552 469 2595 varocum
484 2528 574 2592 clavis
589 2527 878 2611 Constantinopolim
895 2527 1116 2612 transportavit.

359 2631 477 2696 Eodem
499 2638 640 2714 tempore,
657 2650 750 2712 quum
774 2628 851 2712 apud
872 2629 1083 2694 Alexandriam
1108 2634 1179 2713 post
1195 2628 1358 2707 Achillam,
1377 2627 1429 2712 qui

315 2735 405 2798 Petro
419 2732 540 2817 martyri
555 2730 706 2808 successit,
713 2730 832 2796 sederet
842 2732 1020 2809 Alexander,
1041 2732 1169 2795 surrexit
1191 2733 1284 2796 Arius
1306 2731 1430 2818 presby·

314 2842 370 2913 ter,
381 2835 494 2913 dicens,
509 2845 569 2898 tres
584 2855 648 2896 esse
662 2833 693 2895 in
705 2833 772 2896 Deo
785 2834 976 2897 snbstantias.
1023 2833 1120 2903 Quem
1132 2834 1306 2897 Alexander
1321 2834 1428 2899 crebro

319 2938 507 3003 admonitum
527 2958 622 3022 quum
644 2958 704 2999 non
726 2942 828 3021 posset
851 2936 889 3000 ad
909 2936 1002 2999 iidem
1024 2936 1174 3015 reducere,
1199 2937 1430 3021 conprovincia-

316 3039 396 3105 libus
429 3040 575 3125 episcopis
612 3037 733 3103 verbum
772 3038 891 3101 haeresis
921 3038 1003 3102 illius
1039 3038 1252 3105 manifestavit.
1310 3039 1431 3103 Vocato

352 3263 368 3293 ⁹
389 3261 413 3311 A
428 3259 517 3311 Saron
538 3257 627 3310 writer
641 3262 713 3324 (says
726 3253 814 3305 Usher
833 3253 860 3305 in
874 3253 915 3305 his
930 3253 1031 3305 Britan.
1045 3254 1150 3307 Eccles.
1164 3256 1315 3325 Antiquit.)
1329 3259 1433 3311 affirma

317 3348 370 3400 this
387 3345 451 3414 lady
464 3353 492 3396 to
504 3345 573 3396 have
592 3344 661 3395 been
675 3358 692 3391 a
704 3358 768 3409 very
783 3339 890 3391 exalted
907 3357 1066 3408 personage,
1081 3342 1135 3393 and
1152 3342 1211 3395 that
1223 3343 1273 3394 her
1286 3361 1347 3409 son,
1363 3344 1433 3396 Corr-

318 3431 442 3493 atantine‚
457 3448 510 3482 was
519 3430 585 3481 born
599 3429 627 3479 in
642 3426 752 3487 Britain,
769 3425 909 3495 (probably
922 3434 950 3476 at
961 3425 1055 3491 Yorlr.)
1099 3428 1191 3497 Henry
1204 3428 1236 3479 of
1247 3429 1432 3500 Huntingdon

320 3518 411 3570 makes
424 3516 476 3568 this
489 3515 612 3566 Princess
625 3512 670 3564 the
683 3512 816 3579 daughter
829 3512 860 3563 oi
870 3511 943 3573 Coel,
961 3510 1034 3580 King
1049 3513 1079 3564 of
1097 3513 1308 3566 Colchester—“
1319 3516 1437 3587 Accepit

322 3600 516 3669 (Constantius)
532 3599 615 3651 liliam
627 3598 698 3666 regis
716 3597 863 3648 Britannici
878 3596 910 3647 de
929 3596 1240 3651 Conacnsrnn-nomen
1260 3610 1320 3653 erat
1333 3602 1436 3655 Coel—

321 3690 423 3743 scilicet
436 3687 579 3749 Helenam,
594 3702 673 3753 quam
694 3684 828 3734 Sanctam*
841 3683 961 3745 dicimus,
976 3692 1003 3734 et
1014 3684 1108 3751 genuit
1125 3703 1205 3737 exea
1220 3687 1436 3742 Constantinum

323 3772 480 3845 magnum.”
517 3771 618 3823 Britain
636 3768 699 3830 had,
713 3786 750 3819 no
769 3768 858 3833 doubt,
872 3770 907 3837 by
922 3768 973 3819 this
992 3770 1075 3819 union
1094 3771 1139 3821 the
1157 3770 1260 3823 honour
1283 3774 1316 3825 ol
1331 3775 1438 3845 having

324 3863 416 3934 giren⁵
425 3858 497 3912 birth
512 3867 541 3909 to
553 3857 598 3909 the
611 3856 669 3907 first
682 3853 814 3905 Christian
835 3871 963 3923 emperor.
1002 3854 1062 3918 (See
1076 3854 1272 3924 Stillingfleet’s
1292 3859 1439 3915 Onrornns

323 3951 443 4014 Sacris.)
483 3943 587 3996 lndeed
601 3941 695 4011 Henry
708 3940 844 4008 expressly
856 3958 916 4007 says
929 3938 988 3990 that
1001 3939 1051 3991 this
1060 3940 1156 3993 Prince
1170 3960 1225 3993 was
1238 3960 1254 3994 a
1269 3944 1378 4013 Briton,
1391 3950 1438 4002 lib.

324 4036 347 4102 1,
367 4034 417 4087 sub
439 4033 543 4095 finem,)
569 4035 584 4059 “
596 4026 797 4087 Constantinus,
823 4025 872 4076 flos
895 4024 1048 4087 Britanniae,
1063 4027 1187 4094 regnavit
1208 4032 1244 4079 30
1267 4034 1351 4085 annis
1366 4045 1393 4087 et
1408 4038 1441 4087 10

324 4123 472 4177 mensibus.
508 4103 563 4171 Hic
575 4116 655 4187 igitur
665 4114 835 4166 Britannicus
844 4129 941 4182 genere
953 4120 980 4163 et
990 4112 1084 4181 patria,
1095 4114 1253 4167 &c.”-—But
1266 4117 1305 4169 all
1314 4119 1371 4174 this
1380 4138 1443 4175 now

322 4227 413 4282 parrer
422 4208 463 4262 ior
474 4223 491 4260 a
501 4204 581 4259 table.
