3042 5134
560 560 752 625 Canonroon
777 557 804 623 Ι.
1168 558 1209 622 al

151 732 248 796 virtus
271 735 427 816 putaretur
456 730 594 794 humanis
620 729 834 794 assertionibus
857 728 1001 812 indigere.
1047 727 1213 811 Quumque

150 833 315 899 secuudum
329 856 364 898 ea
378 855 445 917 quar
467 833 618 917 supradixi
642 833 789 896 renuisset
812 838 942 908 senatus,
957 831 1095 895 Tiberius
1110 841 1212 894 tamen

151 935 253 1000 teuuit
274 935 452 1000 sententiam
474 955 568 1012 suam,
587 933 715 1017 nequid
738 933 894 996 adversum
915 933 1080 996 doctrinam
1100 931 1211 995 Christi

151 1036 334 1102 contrarium
357 1035 523 1100 moliretur.
568 1034 672 1106 Quum
694 1035 788 1119 igitur
810 1033 1001 1119 abigerentur
1022 1033 1150 1116 apostoli
1173 1032 1211 1096 de

154 1139 176 1201 J
179 1139 273 1217 udaea,
285 1139 393 1203 Petrus
408 1138 540 1202 Pontum
552 1143 581 1202 et
592 1137 751 1215 Galatiam,
769 1137 943 1222 Bithyniam
952 1143 982 1201 ct
992 1135 1213 1220 Cappadociam

155 1263 212 1304 sua
233 1263 414 1325 suorumque
442 1239 632 1325 perlustravit
662 1239 881 1324 praedicatione.
935 1239 1049 1302 Paulus
1077 1260 1148 1301 vero
1176 1236 1214 1301 ab

155 1344 370 1428 Hierosolymis
383 1365 477 1427 usque
489 1342 527 1406 ad
539 1342 692 1427 Illyricum
702 1341 884 1426 praedicavit.
908 1340 1045 1405 Andreas
1057 1340 1212 1416 Achaiam,

157 1445 291 1509 Joannes
321 1445 434 1522 Asiam,
460 1445 590 1508 Thomas
619 1449 649 1507 at
678 1442 917 1507 Bartholomaeus
946 1442 1076 1518 Indiam,
1103 1448 1133 1504 et
1163 1442 1215 1506 alii

157 1547 284 1631 apostoli
313 1546 346 1610 in
375 1547 447 1610 alias
477 1552 576 1630 partes
605 1545 711 1610 mundi
739 1545 779 1608 ad
807 1543 1031 1629 praedicandum
1060 1543 1213 1629 gentibus,

157 1647 270 1732 Spiritu
287 1649 396 1713 Sancto
414 1647 499 1725 duce,
514 1648 728 1732 migraverunt.
857 1699 865 1710 ,

202 1749 321 1814 liberio
352 1756 421 1834 post
446 1754 487 1813 24
512 1771 605 1814 anuos
630 1757 758 1823 mortuo,
786 1748 930 1812 successit
953 1747 1043 1812 Caius
1066 1747 1215 1829 Caligula,

159 1874 240 1915 anuo
261 1852 300 1916 ab
320 1851 525 1915 incarnatione
552 1851 670 1914 Domiui
692 1854 744 1914 38.
791 1849 852 1913 Hic
874 1858 908 1912 ut
929 1849 1003 1914 deus
1022 1849 1081 1913 coli
1099 1849 1194 1912 voluit
1205 1877 1215 1927 ;

162 1975 278 2037 suoque
306 1959 440 2036 tempore
465 1952 679 2037 Hierosolymis
706 1952 852 2034 templum
881 1951 1049 2034 profanavit
1076 1951 1219 2014 immissis

161 2055 289 2133 satus,
311 2060 343 2118 et
357 2054 377 2117 J
381 2053 472 2118 udaeis
488 2054 692 2138 multipliciter
706 2053 855 2130 cruciatis,
872 2053 970 2116 Pilato
984 2060 1016 2116 et
1030 2061 1167 2116 accusato
1187 2061 1219 2115 et

160 2155 294 2239 relegato
318 2154 467 2218 Viennam
491 2155 606 2232 Galliae,
636 2154 733 2218 donec
757 2155 823 2237 ipse
852 2153 909 2217 sibi
934 2177 1044 2218 manus
1072 2154 1218 2239 injiceret.

165 2256 328 2334 Herodem,
360 2257 412 2340 qui
447 2256 642 2321 decollaverat
677 2255 827 2320 Joanuem
861 2262 892 2318 et
921 2255 1040 2320 Christo
1073 2255 1217 2334 illuserat,

163 2358 343 2424 remittendo
364 2358 402 2422 ad
420 2358 563 2433 Pilatum,
583 2379 731 2422 unacum
754 2356 925 2421 Herodiade
948 2357 1091 2434 adultera,
1107 2362 1221 2420 aeteruo

164 2461 316 2525 damnavit
327 2460 425 2524 exiho.
471 2460 605 2524 Puellam
617 2460 706 2537 enim,
720 2481 788 2542 quaa
800 2458 965 2535 saltaverat,
976 2466 1053 2522 terra
1066 2459 1220 2541 glutierat.

168 2562 283 2626 Herodi
305 2561 409 2645 igitur,
433 2561 485 2645 qui
513 2555 637 2645 pueros'
653 2560 772 2637 occidit,
797 2560 939 2623 successit
969 2559 1151 2638 Archelaus3
1190 2568 1223 2624 et

167 2663 312 2727 Archelao
339 2664 431 2727 irater
467 2665 533 2747 ejus
562 2663 708 2739 Herodes,
739 2662 791 2746 qni
820 2662 969 2725 loannem
1005 2662 1162 2726 decollavit
1190 2671 1221 2726 et

168 2767 320 2831 Christum
342 2766 438 2830 illusit
449 2792 460 2844 ;
489 2772 519 2830 et
544 2765 588 2829 illi
612 2765 747 2829 Herodes
772 2766 916 2849 Agrippa,
939 2764 1020 2828 iilius
1044 2764 1221 2843 Aristobuli,

168 2870 222 2953 qui
250 2867 359 2932 occidit
384 2867 542 2932 Jacobum.
587 2867 629 2930 Et
654 2876 723 2951 post
749 2873 830 2931 huuc
856 2867 1001 2951 Agrippa,
1025 2867 1078 2950 qui
1104 2867 1224 2931 duravit

169 2993 265 3054 nsque
280 2969 318 3033 ad
332 2969 436 3053 templi
451 2969 609 3033 excidium.

214 3057 377 3156 Imperavit
397 3071 486 3135 Caius
504 3071 590 3134 anuis
604 3069 701 3134 tribus
717 3074 747 3134 et
761 3069 915 3132 mensibus
930 3092 981 3133 sex
996 3077 1026 3134 et
1042 3070 1147 3134 diebus
1160 3073 1199 3133 ll
1213 3097 1222 3149 3

171 3182 203 3239 et
225 3176 289 3260 ejus
310 3181 452 3257 tempore,
480 3175 527 3255 (ut
557 3174 653 3256 aiunt)
676 3173 758 3236 venit
780 3172 889 3236 Petrus
909 3171 1044 3250 Romam,
1069 3180 1099 3236 et
1120 3195 1225 3256 passus

173 3284 219 3341 est
234 3277 356 3339 Marcus
371 3274 573 3358 Bvangelista.

216 3378 289 3444 Caio
304 3377 447 3462 Caligulae
460 3375 602 3440 suecessit
611 3375 753 3440 Claudios
763 3375 909 3452 Tiberius,
922 3397 1003 3439 auno
1016 3375 1227 3440 iucarnationis

174 3481 265 3545 Dom.
278 3483 331 3544 43.
378 3479 439 3543 Hic
454 3477 527 3542 abiit
538 3481 570 3542 in
582 3478 778 3555 Britanniam,
791 3500 915 3562 eamque
926 3485 957 3540 et
966 3477 1097 3542 Orcades
1113 3477 1227 3541 insulas

175 3580 461 3666 Romanasnby'eoit
482 3580 616 3664 imperio.
662 3580 752 3644 Unde
773 3601 907 3644 reversus
930 3579 1065 3656 Romam,
1084 3580 1150 3643 filio
1172 3602 1227 3643 suo

175 3685 343 3749 Britannici
358 3706 467 3747 nomeu
478 3683 630 3767 imposuit.
677 3682 792 3752 Quarto
805 3683 896 3767 hujus
907 3704 985 3745 anno
996 3683 1089 3745 lamas
1102 3682 1229 3745 invaluit

177 3807 229 3870 per
253 3785 367 3873 Syriam
389 3793 419 3849 et
441 3785 639 3849 Palaestinam.
685 3784 833 3847 Fidelium
855 3805 925 3847 vero
942 3784 1082 3867 inopiam,
1098 3784 1229 3848 collectis

177 3889 264 3952 factis
279 3886 358 3972 apud
374 3893 498 3965 exteros,
515 3884 724 3950 sustentabant
740 3885 853 3948 Paulus
867 3891 898 3947 et
914 3885 1072 3948 Barnabas.

220 3989 353 4055 Circaea
368 3996 501 4072 tempora
517 3988 653 4052 Herodes
668 3987 778 4051 occidit
792 3987 812 4050 J
815 3986 950 4064 aeobum,
966 3987 1086 4051 fratrem
1104 3987 1126 4049 J
1127 3988 1231 4050 oannis

180 4092 290 4176 gladio,
305 4097 336 4155 et
359 4091 498 4175 apposuit
522 4089 740 4174 apprehendere
763 4096 794 4152 et
812 4089 947 4164 Petrum,
971 4096 1007 4152 ut
1029 4095 1098 4171 post
1118 4089 1232 4154 Pascha

180 4195 356 4277 produceret
380 4215 447 4256 eum
469 4192 580 4277 populo
594 4190 632 4255 ad
655 4189 828 4254 ludibrium.
873 4189 1009 4272 Angelus
1026 4212 1095 4253 vero
1109 4189 1233 4255 Domini

180 4295 315 4360 liberavit
350 4295 481 4371 Petrum,
512 4300 543 4357 et
576 4292 721 4376 percussit
758 4290 909 4356 Herodem
944 4291 1031 4374 plaga
1065 4290 1232 4357 insanabili.
