3042 5134
383 1323 638 1395 enacmoon
662 1310 910 1411 secunaum,

91 1514 126 1584 a
155 1489 383 1588 cnnrsno
424 1516 666 1590 nnuman
702 1519 924 1592 nncnun
972 1517 1204 1597 nannius

323 1715 548 1789 SECUNDI
576 1718 728 1790 REGIS
754 1719 977 1794 ANGLIAE.

223 2072 349 2148 In'crrrr
370 2072 539 2151 suniario
558 2074 720 2150 Maarsrar
745 2075 921 2153 mouerat
943 2073 1060 2156 Naana

137 2271 205 2337 Etsi
215 2281 389 2337 succensere
403 2269 459 2335 sibi
474 2263 622 2335 neminem
637 2271 804 2345 conveniat,
815 2257 911 2358 siquid
927 2275 960 2339 in
976 2275 1032 2340 hoc
1042 2259 1198 2370 opusculo

88 2396 199 2458 parum
222 2374 394 2458 composite,
423 2379 476 2437 aut
499 2373 597 2438 minus
619 2374 772 2458 eleganter
793 2375 946 2458 ingestum
968 2377 1067 2456 luerit,
1091 2379 1193 2462 quum

82 2500 143 2542 nec
159 2480 316 2562 Areopago
330 2477 387 2540 sim
401 2477 520 2560 genitus
536 2484 588 2542 aut
608 2476 753 2542 educatus
775 2477 818 2540 in'
830 2478 927 2550 Latio,
950 2501 1011 2543 non
1033 2486 1134 2544 tamen
1150 2491 1185 2546 ut

84 2580 165 2644 oulae
186 2586 318 2662 nugator
338 2578 439 2642 malim
460 2578 576 2663 culpam
592 2577 740 2664 deprecari
755 2601 844 2662 quam
861 2601 893 2644 ea
909 2601 1015 2672 carere.
1061 2582 1186 2646 Veniam

85 2683 170 2747 enim
193 2689 302 2766 petere,
323 2688 358 2744 ut
375 2702 412 2743 ex
434 2687 589 2744 venustate
610 2675 880 2765 reprehensionis'a
896 2681 997 2746 Marcu
1020 2683 1134 2748 Catone
1155 2685 1188 2749 in

84 2784 203 2849 Aulum
233 2782 379 2847 Albinum
400 2783 452 2866 qui
474 2803 543 2846 curn
565 2782 660 2846 Lucio
682 2782 811 2848 Lucullo
834 2782 938 2846 consul
960 2783 1019 2848 luit
1046 2784 1188 2868 proiectae

84 2887 195 2970 liquet,
209 2885 407 2970 imprudentis
421 2891 467 2947 est
481 2891 533 2947 ant
544 2883 698 2967 compulsi.
743 2885 777 2946 N
777 2907 810 2948 ec
821 2907 866 2947 me
876 2884 943 2968 quis
951 2885 984 2947 in
996 2885 1187 2950 commissum

87 2988 217 3075 pepulit,
249 2987 297 3052 vel
330 2988 544 3072 deprecationis
577 2986 752 3052 molestiam.
810 2986 857 3051 Sit
885 2989 978 3071 igitur
1007 2989 1093 3053 nobis
1126 2995 1190 3054 tota

87 3091 280 3174 antiquitatis
303 3085 436 3174 supellex
466 3088 663 3152 memorabilis
689 3098 719 3152 et
745 3089 836 3172 digna
863 3085 1011 3152 memoriae
1038 3089 1187 3176 scribendi

86 3194 223 3258 materia.
269 3191 401 3255 Intentio
418 3192 503 3255 litem
525 3186 703 3275 scriptorum
726 3190 890 3274 ingenitam
904 3190 1005 3254 multis
1020 3190 1187 3256 absolutam

86 3290 283 3361 amfractibus
304 3285 471 3357 referre'ad
489 3287 677 3364 consensum,
699 3292 731 3355 in
754 3291 845 3384 utrius
867 3292 978 3376 saporis
1008 3313 1094 3356 usum
1109 3295 1191 3358 varia

86 3393 456 3462 libaments'confundans
472 3398 502 3459 et
517 3393 665 3478 indigeste
682 3417 743 3458 non
758 3394 791 3457 in
807 3413 944 3457 acervum
961 3415 1118 3478 congerere
1138 3395 1190 3460 sed

88 3500 247 3564 confusam
275 3497 498 3581 disparilitatem
519 3504 608 3580 atque
633 3497 839 3580 promiscuam,
858 3503 947 3579 prout
971 3517 1002 3558 se
1028 3497 1189 3561 enarranda

89 3600 219 3686 quaeque
245 3600 291 3663 vel
312 3589 515 3662 transferenda
540 3597 752 3682 suggesserint,
777 3599 814 3661 ad
836 3597 1002 3661 subsidium
1025 3598 1190 3664 vacillantis

87 3702 240 3768 memorie
254 3703 286 3765 in
303 3723 396 3765 unum
416 3723 523 3785 corpus
539 3700 680 3784 digerere,⁴
692 3708 726 3763 ut
740 3699 822 3784 quod
837 3699 951 3763 diversa
965 3700 1093 3764 lectione
1109 3724 1188 3785 quae-

88 3806 215 3872 sivimus
236 3803 313 3889 stylo
334 3803 486 3887 digerente
500 3803 530 3866 in
547 3803 680 3866 ordinem
703 3803 856 3873 coalescat,
879 3801 958 3865 unde
975 3824 1067 3865 unum
1082 3803 1137 3866 liat
1151 3826 1188 3867 ex

89 3907 241 3979 omnibus,
257 3907 334 3969 sicut
356 3928 434 3969 unus
455 3927 597 3968 numerus
611 3904 648 3967 lit
663 3927 700 3967 ex
720 3902 855 3985 singulis,
878 3925 956 3966 unus
977 3909 1138 3966 concentus
1153 3926 1190 3967 ex

91 4010 221 4076 dissonis
236 4008 411 4072 innumeris.
464 4006 516 4070 Ad
529 4006 588 4070 boc
604 4005 722 4090 quidem
739 4027 785 4067 me
800 4005 900 4088 apium
918 4003 1028 4066 invitat
1044 4004 1188 4066 innocens

88 4110 259 4199 prudentie,
284 4109 398 4193 hepatis
424 4109 528 4171 incitat
561 4108 664 4170 innata
689 4105 831 4190 potentia,
856 4111 955 4167 movet
980 4110 1009 4167 et
1033 4116 1188 4187 promovet

88 4216 174 4281 chori
196 4212 403 4279 consonantia.
445 4211 622 4294 Conspirata
643 4210 737 4289 igitur
751 4215 874 4271 aetatum
890 4207 920 4270 in
936 4228 1030 4269 unum
1051 4209 1188 4291 exempla

623 4297 661 4356 14
