3042 5134
561 497 751 564 (turonicos
780 498 826 564 ΙΙ.
1152 501 1214 565 141

119 669 280 746 derudirit,
299 668 371 734 iecit
384 671 539 749 stationes,
553 671 708 751 homelias,
723 673 963 758 antiphonarium
970 680 1061 756 puter
1075 673 1217 739 nortmad

116 774 246 845 missam,
270 781 301 836 et
322 772 484 837 clausulam
507 775 625 858 diesque
641 782 752 837 nostroe
774 781 804 838 et
826 780 940 851 caetera,
963 783 993 838 et
1015 774 1153 840 alleluiah
1182 777 1216 838 in

115 873 267 939 natalibus
288 879 452 959 martyrum
473 873 531 937 dici
552 875 667 940 statuit.
711 875 799 938 Misit
824 876 1031 958 Augustinum
1060 898 1127 941 cum
1151 876 1215 940 aliis

116 973 359 1060 praedicatoribus
392 975 427 1038 iu
465 974 651 1038 Britanniam
689 997 769 1038 anno
807 976 989 1059 apostolatus
1019 976 1066 1040 sui
1084 979 1214 1059 'quarto

116 1077 255 1142 Castrum
283 1081 313 1140 et
350 1075 562 1139 monasterium
598 1076 755 1140 Cassinum
795 1076 980 1160 discerpitur.
1042 1077 1216 1154 Mauritius,

117 1183 269 1262 quaerente
282 1177 390 1260 angelo
410 1183 514 1241 utrum
527 1177 629 1241 mallet
647 1177 755 1240 delicta
772 1200 826 1240 sua
839 1178 871 1241 in
892 1178 948 1242 hac
966 1179 1029 1242 vita
1046 1179 1163 1263 expiare
1179 1201 1217 1242 an

116 1279 150 1342 in
164 1277 231 1354 alia,
251 1277 340 1361 elegit
352 1279 386 1340 in
405 1279 473 1355 ista,
487 1278 601 1342 undea
619 1277 746 1340 satellite
760 1299 815 1342 suo
830 1278 945 1342 occisus
966 1285 1020 1350 est,
1035 1299 1103 1342 cum
1126 1301 1217 1343 uxore

119 1386 149 1444 et
156 1379 229 1443 filiis
243 1381 277 1443 in
286 1379 360 1443 silva
368 1405 379 1456 3
396 1401 489 1461 qnnm
497 1379 632 1464 praescito
641 1379 761 1443 nomine
770 1379 907 1442 occisoris
922 1379 969 1444 sui
984 1380 1130 1462 potuisset
1144 1401 1215 1442 eum

119 1479 253 1546 cocidere
274 1481 300 1543 si
321 1479 419 1544 vellet.
457 1480 496 1543 In
518 1481 631 1544 somnis
652 1480 731 1544 enim
753 1480 868 1544 dictum
891 1480 1001 1544 catilli
1026 1479 1124 1544 delato
1146 1487 1216 1546 autc

117 1582 278 1661 imaginem
299 1580 453 1645 salvatoris
475 1603 542 1665 quae
564 1587 610 1646 est
637 1603 726 1665 snper
755 1581 928 1645 orientalem
958 1587 1075 1665 portam
1100 1603 1212 1646 aeneam

116 1681 385 1766 Constantinopoli,
402 1687 423 1716 “
432 1682 511 1745 Datc
525 1704 592 1746 cnm
608 1681 749 1747 Phocae.''
787 1680 849 1746 Hic
864 1681 979 1746 Phocus
989 1680 1107 1746 obscuri
1122 1685 1216 1748 nomi-

117 1784 165 1846 nis
180 1781 237 1846 sub
252 1803 287 1845 eo
301 1779 458 1845 militabat.

173 1883 215 1947 ln
243 1883 385 1947 suburbio
413 1883 543 1948 Biuautii
579 1889 668 1947 natus
708 1889 754 1948 cst
783 1883 882 1948 iulans
921 1884 1101 1969 quadrupeS,
1142 1884 1217 1949 duos

114 1983 229 2048 habens
251 1984 385 2062 vertices,
405 1985 488 2048 etin
502 1983 600 2047 medio
618 1983 684 2048 Nili
707 1985 785 2049 circa
801 1984 905 2048 horam
927 2007 1038 2049 nonam
1053 2007 1215 2069 apparuere

115 2106 213 2168 nsque
229 2084 417 2148 undecimam
435 2105 508 2168 puer
530 2083 672 2148 subrufus
685 2083 717 2147 in
734 2083 830 2148 forma
844 2085 936 2161 canis,
951 2090 982 2148 et
997 2084 1096 2169 puella
1110 2087 1219 2150 crinita

114 2183 265 2268 usquead
280 2183 454 2248 umbilicum
468 2206 557 2267 super
571 2206 689 2267 aquam.
724 2184 887 2268 Imperavit
901 2185 1066 2250 Mauricius
1081 2207 1160 2250 anno
1175 2187 1213 2250 ab

115 2286 320 2349 incarnatione
330 2284 453 2348 Domini
461 2283 679 2347 DLXXXHo.
724 2285 895 2348 Inundante
907 2285 998 2363 Pad0,
1015 2292 1046 2349 et
1063 2288 1219 2352 cacumina

115 2383 238 2448 urbium
264 2385 490 2449 transcendente
516 2384 621 2448 beatus
639 2384 718 2448 deuo
739 2386 802 2448 suis
827 2385 1068 2469 imploratoribus
1087 2387 1215 2452 inauditi

112 2485 252 2550 beneficii
274 2487 402 2550 contulit
419 2508 538 2550 monus.
597 2485 638 2549 Iu
652 2485 720 2570 ejus
740 2487 820 2551 enim
839 2487 961 2550 ecclesia
978 2486 1092 2550 foribus
1105 2489 1218 2571 apertis

113 2593 205 2669 gutta
218 2609 303 2670 aquae
318 2609 378 2650 non
391 2587 525 2651 introivit
539 2585 590 2650 sed
605 2587 812 2651 haurientibus
820 2588 852 2651 in
868 2589 944 2650 ostio
957 2587 1087 2656 ecelesia
1106 2609 1214 2672 aquam

116 2686 250 2764 inclusis,
265 2686 304 2751 ad
315 2693 422 2750 caetera
435 2685 542 2751 habilis
558 2708 648 2751 eursu
663 2689 778 2771 praestit
791 2687 961 2752 immobilis.

147 2787 418 2852 VMDCOCVHI.
440 2787 632 2850 Mnuurcrus
654 2807 830 2852 ruossavrr
854 2791 1028 2868 nuu1s213
1053 2789 1213 2852 Ronanus

605 2908 739 2952 oman.

154 2989 239 3052 Sedit
250 2988 427 3052 Bonelacius
437 2994 588 3070 quartnsa
601 2987 688 3052 beato
697 2988 852 3071 Gregorio,
869 2991 917 3052 oni
930 2989 1044 3054 Phocas
1054 2989 1210 3054 Pantheon

116 3089 211 3164 dedit,
234 3090 298 3152 haec
319 3096 363 3152 est
385 3090 507 3153 ecclesia
528 3095 638 3152 sanctae
661 3089 765 3154 Mariae
787 3089 823 3153 ad
848 3097 1001 3174 martyres,
1044 3091 1170 3154 Romani
1196 3113 1213 3153 a

117 3190 220 3254 Persis
234 3189 399 3253 caeduntur.
456 3190 571 3253 Phocas
584 3191 691 3253 statuit
705 3189 805 3252 sedem
820 3189 1021 3272 Apostolicam
1043 3211 1105 3252 esse
1124 3213 1198 3273 capu
1210 3201 1224 3250 t

119 3292 257 3355 omnium
279 3291 476 3362 ecclesiarum,
498 3312 568 3353 uam
590 3297 658 3354 aute
678 3289 1017 3372 Constantinopolitano*
1034 3311 1065 3352 se
1087 3290 1212 3372 primam

110 3391 270 3457 scribebat.
326 3391 415 3455 Unde
444 3391 540 3455 multa
568 3391 761 3455 inveniuntur
788 3390 820 3454 in
847 3411 998 3454 canonem.
1062 3390 1218 3454 Heraclius

114 3492 264 3556 Patricius
279 3492 410 3555 Phocam
424 3492 542 3556 occidit.

252 3591 517 3655 VMDOOCXVI.
561 3593 690 3656 Pnocus
704 3611 879 3656 rueunavrr
893 3608 991 3656 auris
1007 3595 1037 3656 8.

172 3691 331 3756 Heraclius
360 3692 491 3756 Cosdroe
529 3715 600 3756 cum
629 3693 694 3756 filio
723 3715 848 3776 regnum
878 3693 1035 3756 Persarum
1060 3700 1090 3756 et
1120 3693 1211 3758 vitam

114 3791 250 3868 abstulit,
266 3791 439 3876 lignumque
453 3793 645 3856 Domiuicum
662 3793 900 3878 Hierosolymam
912 3794 1050 3857 restituit.
1096 3793 1209 3875 Depra-

111 3899 202 3956 vatus
230 3899 276 3956 est
301 3916 320 3956 a
346 3893 426 3977 Cyro
452 3894 655 3957 Alexandrino
682 3902 713 3958 et
744 3894 848 3977 Sergio
878 3893 1209 3977 Constantinopolitano

112 3993 262 4077 episcopis
275 3993 309 4056 in
330 3993 468 4057 haeresim
489 3995 749 4060 monoscclitarnm
771 3995 916 4059 dicentem
936 3993 969 4057 in
988 3993 1106 4056 Christo
1125 4013 1218 4055 unam

109 4101 230 4160 tanturn
253 4093 438 4158 voluntatem
477 4094 580 4159 inisse.
640 4095 737 4158 Duxit
766 4117 884 4178 quoquc
926 4093 1095 4172 ,Heraclius
1129 4093 1222 4158 liliam
