3042 5134
572 564 758 628 Cnuomcon
786 564 813 628 Ι.
1198 565 1215 624 7

160 755 191 814 et
205 749 339 827 Nathan,
355 754 386 813 ct
406 749 509 834 Asaph
519 776 529 828 ς
553 750 698 813 attactus
720 755 766 812 est
788 769 923 812 summus
943 745 1085 812 Pontifex
1100 742 1218 809 Sadoch

163 851 200 916 de
215 852 403 916 successione
418 851 551 916 Eleazar.

206 954 347 1018 Salomon
364 976 444 1030 vero,
470 954 630 1020 mulierum
652 974 751 1016 amore
774 952 926 1029 seductus,
946 951 985 1015 ad
1005 949 1216 1029 idololatriam,

167 1061 318 1140 postremo
346 1055 480 1141 resipuit.
534 1055 684 1140 Regnavit
712 1061 814 1118 autem
843 1055 885 1116 40
916 1053 1011 1117 annis.
1070 1053 1220 1116 Successit

167 1164 269 1223 autem
286 1158 421 1223 Roboam
437 1157 517 1222 filius
533 1158 606 1243 ejus,
623 1157 684 1241 qui,
699 1157 790 1220 scisso
811 1178 903 1240 reguo
925 1162 1045 1240 propter
1066 1162 1222 1240 peccatum

165 1261 268 1346 patris,
284 1260 445 1330 rebellante
468 1261 558 1326 ctiam
582 1259 740 1324 Jeroboam
769 1281 854 1322 servo
876 1259 950 1343 ejus,
974 1260 1109 1343 regnavit
1131 1281 1221 1344 super

167 1362 241 1427 duas
267 1362 373 1441 tubus,
393 1365 431 1428 17
458 1363 562 1426 aunis:
586 1361 747 1426 Jercboam
771 1382 840 1424 vero
865 1383 955 1446 super
977 1363 1017 1425 10
1043 1383 1110 1445 quur
1131 1361 1221 1426 dictae

166 1473 238 1530 suut
264 1465 368 1544 Israel,
392 1466 528 1550 regnavit
554 1468 594 1529 12
619 1466 715 1541 anuis,
738 1464 924 1528 constituens
948 1471 1039 1549 caput
1062 1464 1148 1546 regni
1172 1464 1222 1528 sui

167 1568 338 1632 Samariam.
383 1569 538 1632 Convertit
552 1590 640 1652 porro
660 1568 750 1631 lsrael
764 1567 801 1630 ad
816 1566 1026 1644 idololatriam,
1038 1589 1076 1630 ue
1091 1566 1221 1632 redirent

167 1671 205 1735 ad
219 1671 376 1756 Templum
391 1672 423 1735 in
441 1668 638 1746 Hierusalem,
654 1672 839 1732 constituens
852 1669 894 1733 eis
908 1668 1112 1733 fraudulenter
1127 1692 1221 1735 unum

168 1773 300 1837 vitulum
331 1772 532 1857 apudBethel
557 1780 586 1836 et
613 1771 741 1836 alterum
764 1771 798 1834 in
821 1771 892 1835 Dan
917 1771 1094 1836 adorandos.
1141 1772 1223 1843 Quia

168 1897 238 1939 vero
265 1875 421 1940 hereditas
447 1874 570 1941 Domini
590 1874 649 1938 fuit
668 1881 751 1940 totus
771 1873 875 1954 Israel,
901 1875 933 1938 in
958 1881 1085 1959 utroque
1109 1876 1222 1960 populo

169 1978 291 2043 fuerunt
306 1980 478 2064 prophetae3
501 2001 555 2064 per
571 2000 645 2062 quos
663 1985 725 2042 tam
737 1977 883 2062 populum
895 1978 917 2042 J
919 1979 1007 2043 udam
1022 2001 1110 2063 quem
1125 2003 1222 2066 popu·

169 2080 234 2144 lum
251 2080 342 2144 Israel
364 2080 515 2164 corripuit.
560 2081 818 2164 Prophetaveruut
838 2080 918 2146 euim
938 2081 1110 2146 hisdiebus
1133 2084 1221 2165 Abia,

176 2183 316 2259 Semeias,
332 2189 362 2246 ct
376 2183 421 2246 vir
429 2183 486 2247 Dei
501 2184 608 2246 missus
621 2182 658 2247 dc
672 2182 694 2246 J
696 2183 755 2247 uda
770 2183 915 2268 corripere
930 2183 950 2246 J
952 2182 1101 2262 croboam,
1113 2186 1224 2252 scilicet

173 2284 242 2363 Jeu,
272 2292 302 2349 ct
326 2284 425 2363 Johel,
451 2290 481 2348 et
506 2285 637 2363 Azarias,
654 2285 705 2368 qui
731 2292 761 2349 et
784 2282 884 2363 Abdo,
908 2293 938 2348 et
963 2286 1105 2351 Ananias.
1149 2289 1224 2354 Post

173 2390 305 2454 Roboam
322 2401 446 2473 quartus
460 2389 541 2455 Abra
556 2390 653 2454 tribus
668 2389 772 2468 annis3
795 2395 864 2475 post
879 2389 990 2453 Abram
1006 2392 1139 2473 quintus,
1162 2396 1223 2458 Asa

174 2492 369 2577 quadraginta
385 2500 418 2556 et
433 2515 494 2558 uno
509 2493 605 2557 aunis.
654 2492 714 2556 Hic
729 2495 790 2556 Asa
809 2491 953 2556 conduxit
967 2491 1109 2558 Bcuadab
1125 2502 1228 2563 contra

172 2595 275 2674 Israel,
301 2601 331 2659 ct
355 2596 502 2680 percussit
524 2601 632 2659 terram
660 2594 825 2680 Neptalim,
852 2600 883 2659 et
908 2593 1062 2681 dissipavit
1095 2597 1224 2665 aediiica-

171 2699 284 2762 tionem
299 2698 376 2762 Basa
390 2698 421 2760 in
437 2697 566 2761 Remoth
582 2695 704 2760 Galaad.

216 2801 289 2864 Post
318 2799 478 2864 deroboam
504 2800 538 2863 in
564 2799 695 2863 Samaria
724 2798 884 2879 secundus,
910 2799 1020 2865 Nadab
1048 2801 1131 2867 filius
1160 2805 1225 2889 ejus

172 2902 308 2986 regnavit
338 2901 455 2966 duobus
485 2902 571 2966 annis
582 2928 592 2980 3
622 2901 675 2966 sed
705 2907 775 2987 post
804 2923 873 2965 eum
902 2903 1018 2982 tertius,
1049 2903 1152 2978 Bassa,
1184 2910 1225 2971 24

175 3005 269 3082 annis,
307 3004 359 3087 qui
392 3003 501 3068 delevit
538 3025 656 3068 omnem
694 3003 815 3067 domum
856 3001 1027 3069 Jeroboam.
1082 3007 1121 3070 Ei
1155 3030 1226 3073 vero

176 3106 319 3170 successit
333 3105 422 3184 mah,
436 3105 519 3170 filius
539 3106 613 3190 ejus,
630 3115 764 3189 quartus,
780 3116 811 3169 et
830 3107 966 3191 regnavit
987 3106 1107 3173 duobus
1129 3111 1226 3190 anuis,

176 3229 263 3293 quem
288 3207 398 3272 occidit
419 3207 549 3285 Umbri,
573 3215 604 3272 et
627 3207 735 3271 delevit
758 3207 881 3271 domum
900 3207 1024 3287 Baasha,
1041 3218 1072 3274 et
1089 3214 1226 3296 regnarit

178 3315 194 3377 7
216 3309 331 3375 diebus,
376 3311 451 3375 Post
474 3333 541 3375 eum
564 3333 634 3374 vero
657 3309 764 3374 Ambri
786 3317 889 3375 sextus
910 3313 1045 3396 regnavit
1071 3317 1108 3377 12
1130 3315 1227 3396 aunis,

176 3422 207 3478 et
235 3419 305 3498 post
334 3434 401 3476 eum
437 3414 591 3498 septimus,
621 3410 727 3476 Achab
756 3413 876 3497 impius,
907 3415 959 3497 qui
990 3414 1077 3478 duxit
1105 3417 1229 3482 Jenabcl

176 3537 310 3594 uxorem,
334 3536 401 3598 quae
425 3515 585 3599 prophetas
611 3514 719 3578 occidit
745 3521 777 3578 et
802 3514 948 3599 dispersit.
993 3517 1070 3600 Ejus
1095 3525 1228 3604 temporo

178 3617 291 3702 Helyas
305 3617 449 3701 propheta
464 3617 572 3680 coelum
587 3615 704 3694 clausit,
719 3623 750 3680 et
765 3616 930 3681 sacerdotes
942 3625 972 3681 ct
980 3619 1140 3704 prophetas
1157 3622 1228 3687 Boal

176 3719 294 3784 occidit.

221 3821 295 3884 Post
308 3821 367 3884 Ass
384 3841 474 3902 super
489 3819 509 3883 J
514 3819 601 3884 udam
619 3819 755 3904 regnavit
778 3819 925 3905 Josaphat
949 3824 990 3886 25
1012 3823 1117 3903 annis3
1139 3847 1229 3911 super

176 3922 270 3988 Israel
285 3920 398 3999 Achab,
417 3925 456 3985 22
470 3922 565 3990 aunis.
611 3923 768 4006 Prophetae
783 3923 906 3986 fuerunt
920 3922 1027 4002 Abrae,
1043 3925 1112 4004 Jer'i,
1129 3927 1227 4009 Osias,

177 4025 333 4103 Micheas;
355 4023 631 4109 pseudoprophetes,
645 4025 800 4088 Sezechias
813 4032 844 4088 et
854 4025 980 4090 Eliezer.
1027 4028 1123 4112 Super
1134 4029 1228 4096 Israel

177 4138 310 4206 octavus,
327 4127 472 4191 Ochozias
491 4128 576 4192 annis
599 4127 716 4192 duobus
726 4154 735 4206 3
759 4150 849 4212 super
870 4128 991 4208 Judam,
1013 4132 1125 4211 doram,
1141 4138 1228 4202 curris

177 4241 257 4296 octo.
303 4230 373 4300 Quo
389 4237 543 4314 regnante,
558 4231 679 4294 recessit
699 4230 797 4294 Edom
813 4254 831 4294 a
845 4229 936 4311 Juda,
952 4242 983 4295 et
997 4237 1156 4301 coustituit
1170 4240 1228 4306 sibi

177 4355 289 4419 regern.
336 4333 431 4416 Super
449 4332 541 4397 Israel
561 4333 581 4396 J
584 4353 674 4411 oram,
694 4333 786 4396 frater
805 4333 955 4414 Ochozirr,
976 4357 1074 4400 nonus
1095 4346 1229 4427 regnavit
