3042 5134
567 561 759 626 Onuourcou
797 558 825 626 I.
1171 562 1210 624 ll

147 746 296 830 regnavit,
322 767 394 811 avus
417 743 509 810 Rheae
530 745 639 826 Silviae,
655 753 751 810 mater
767 745 854 810 Remi
869 753 899 809 et
914 743 1046 821 Romuli,
1063 743 1115 826 qui
1128 742 1213 806 urbis

121 847 272 933 -inclyroe
300 849 404 912 Romae
432 847 626 912 fundamenta
649 850 795 934 jecerunt.
851 847 972 932 Quippe
998 845 1131 910 Orientis
1156 845 1213 909 im·
1269 897 1274 904 .

154 951 239 1035 perio
271 951 416 1036 paulatim
441 950 608 1031 deficiente,
635 951 808 1016 Occidentis
827 950 986 1036 imperium
1018 947 1155 1024 surrexit,
1181 953 1213 1012 et

153 1051 275 1136 quidem
291 1059 375 1117 tanta
389 1053 584 1138 prosperitate
600 1060 630 1118 et
644 1052 816 1118 celebritate
828 1051 965 1129 surrexit,
981 1073 1016 1115 ac
1030 1049 1054 1113 si
1071 1049 1166 1113 virtus
1182 1055 1212 1112 et

157 1155 280 1218 fortuna
305 1155 416 1239 pariter
444 1155 659 1220 contenderent
682 1157 746 1240 ejus
770 1155 936 1239 profectum
964 1153 1090 1234 exigere.
1134 1152 1210 1215 Post

156 1255 249 1320 Ilium
266 1255 363 1341 igituu
379 1262 505 1341 captam,
521 1264 692 1322 constructa
713 1264 758 1322 est
773 1265 862 1340 caput
876 1257 974 1340 gentis
989 1255 1084 1318 Latiae
1108 1254 1215 1331 Roma,

142 1351 244 1423 ‘4330
272 1380 351 1422 anno
362 1386 371 1438 3
405 1381 464 1442 quo
489 1382 540 1444 per
562 1383 645 1444 reges
665 1358 876 1444 imperabatur,
898 1380 1072 1442 usquequo
1098 1357 1213 1420 Brutus

155 1460 355 1544 Tarquinium
371 1460 540 1526 occidisset.
570 1463 618 1526 Ex
642 1485 700 1545 quo
723 1483 824 1525 annua
840 1461 963 1544 imperia
981 1469 1011 1522 et
1034 1459 1120 1522 binos
1145 1481 1215 1522 con·

161 1562 242 1626 sules
256 1563 389 1636 instituit
404 1563 575 1647 reipublicae
590 1563 803 1647 gubernandae.
855 1563 1075 1646 Computantur
1088 1561 1182 1646 igitur
1196 1583 1214 1624 a

159 1664 289 1728 Romulo
303 1685 398 1748 usque
413 1664 450 1728 ad
464 1664 659 1748 Tarquinium
674 1664 745 1728 anui
760 1667 834 1727 241.

204 1767 278 1830 Post
290 1767 440 1832 Amasiam
450 1789 550 1851 regem
562 1767 581 1830 J
585 1767 644 1830 uda
658 1767 795 1851 regnavit
802 1765 900 1830 Ozias.
911 1765 984 1830 Post
992 1788 1059 1830 eum
1072 1766 1092 1829 J
1093 1767 1216 1844 cathan,

161 1869 215 1954 qui
244 1869 405 1934 aedifioavit
425 1869 668 1934 sublimissimam
690 1875 805 1954 portam
832 1869 938 1934 domus
960 1869 1083 1933 Domini
1094 1897 1103 1948 3
1149 1891 1216 1953 quae

160 1971 273 2036 dicitur
297 1971 445 2056 Speciosa.
500 1972 547 2036 Eo
568 1993 688 2057 quoque
705 1977 839 2056 tempore
859 1971 1111 2056 prophetaverunt
1127 1972 1213 2050 Osee,

160 2076 265 2151 Amos,
281 2073 396 2152 Ysaiss,
410 2074 514 2138 Jonas.
559 2074 634 2138 Post
654 2074 786 2138 Joathan
805 2096 874 2138 vero
892 2096 991 2158 regem
1006 2073 1026 2136 J
1028 2074 1095 2136 udae
1109 2095 1214 2157 regna-

158 2175 204 2239 vit
219 2176 330 2252 Achae,
346 2182 459 2260 etpost
474 2175 693 2254 eumEzekias,
709 2177 794 2260 cujus
810 2197 888 2240 anuo
908 2182 992 2239 sexto
1019 2175 1211 2253 salmanasar,

162 2300 216 2342 rex
232 2277 432 2362 Assyriorum,
449 2278 486 2342 de
504 2278 635 2342 Samaria
656 2278 810 2342 transtulit
830 2278 933 2341 decem
952 2277 1048 2342 tribus
1063 2278 1095 2340 in
1111 2285 1218 2341 terram

162 2401 257 2444 suam.
304 2379 433 2444 Gentem
447 2402 517 2443 vero
529 2379 708 2444 Chutiorum
720 2403 736 2444 e
748 2401 889 2444 converso
901 2378 1053 2442 transtulit
1068 2379 1098 2441 in
1116 2379 1217 2441 Sama·

167 2481 251 2545 riam.
317 2480 419 2551 Quum
436 2488 535 2546 autem
550 2481 588 2546 ob
604 2482 718 2546 cultum
741 2502 867 2566 pravum
887 2505 902 2544 a
918 2480 1055 2544 leonibus
1070 2480 1217 2545 interfice·

165 2588 280 2661 rentur,
299 2584 380 2647 misit
396 2607 449 2648 rex
469 2585 635 2648 sacerdotes
655 2585 692 2648 de
716 2583 819 2662 Israel,
838 2583 875 2647 ad
896 2583 1063 2646 docendum
1083 2583 1218 2647 homines

164 2684 234 2749 illos
248 2686 382 2769 legitima
402 2687 568 2770 [instituta]
587 2687 644 2751 Dei
659 2693 744 2751 terrae
753 2687 843 2764 illius,
855 2686 967 2750 scilicet
981 2686 1076 2770 legem
1093 2687 1217 2770 Moysis.

165 2787 218 2851 Illi
243 2810 313 2852 vero
337 2789 530 2853 nihilominus
556 2811 623 2853 eum
657 2788 723 2873 lege
752 2797 880 2853 veterem
906 2789 1021 2852 cultum
1044 2796 1130 2852 terrm
1158 2811 1221 2853 suae

168 2889 384 2968 observabaut;
429 2890 510 2954 unde
548 2912 609 2955 urin
647 2890 859 2956 co-utebautur
888 2891 987 2955 Judaei
1020 2891 1220 2955 samaritanis.

167 2992 262 3057 Porro
286 2995 349 3056 340
373 2993 597 3071 auui‘fuerunt,
614 2992 723 3077 quibus
749 2993 863 3058 divisus
884 3001 930 3057 est
953 2993 1091 3077 populus,
1106 2992 1220 3056 seilicet

169 3094 191 3159 J
192 3095 252 3158 uda
267 3102 298 3159 et
312 3095 416 3159 Israel.

216 3197 312 3282 Super
335 3197 457 3276 dudam,
482 3204 550 3282 post
576 3198 728 3274 Ezekiaur,
756 3197 890 3282 regnavit
916 3199 1079 3275 Manasses,
1098 3204 1128 3261 et
1152 3205 1222 3282 post

171 3321 240 3362 eum
257 3303 364 3378 Amen,
377 3306 407 3364 et
415 3309 483 3384 post
491 3299 575 3364 illum
592 3301 612 3363 J
614 3301 699 3378 osias,
710 3299 761 3384 qui
777 3322 951 3384 congressus
966 3306 1011 3363 est
1026 3323 1095 3363 cum
1106 3301 1220 3378 Necao,

170 3423 241 3485 rege
266 3401 403 3488 AEgypti,
427 3409 456 3466 et
483 3403 597 3466 occisus
624 3410 669 3466 est
694 3403 726 3466 in
751 3424 855 3486 eampo
882 3402 1064 3486 Mageddon.
1109 3403 1223 3466 Eorum

171 3509 307 3589 tempore
320 3505 572 3589 prophetaverunt
582 3505 611 3568 in
628 3505 649 3567 J
652 3505 710 3567 uda
725 3505 744 3566 J
747 3505 878 3582 eremias,
895 3504 981 3584 Olda,
1001 3510 1031 3568 et
1047 3505 1223 3589 Sophonias.

171 3606 247 3671 Post
271 3606 387 3670 Josiam
410 3609 545 3690 regnavit
570 3606 700 3670 Joachaz
726 3610 745 3670 3
765 3606 926 3671 mensibus.
983 3606 1101 3677 Quibus
1123 3614 1224 3672 tamen

174 3707 309 3772 noudum
339 3708 473 3793 expletis,
501 3709 603 3774 Necao
629 3709 744 3772 Pharao
768 3709 889 3774 veniens
916 3709 1113 3789 Hierusalem,
1139 3710 1225 3775 duxit

174 3831 244 3874 eum
258 3811 292 3874 in
306 3810 484 3895 AEgyptum,
501 3817 532 3874 et
551 3811 707 3875 constituit
722 3833 777 3895 pro
791 3833 826 3876 eo
850 3834 950 3895 regem
964 3811 1120 3887 eliachim,
1136 3834 1226 3895 quem

172 3911 290 3976 vocarit
305 3911 324 3974 J
327 3912 452 3990 oachim,
467 3913 566 3976 filium
587 3913 606 3976 J
609 3913 696 3992 osiae3
720 3914 799 3978 faeta
813 3914 834 3976 J
836 3913 921 3978 udaea
935 3913 1099 3992 tributaria,
1114 3915 1145 3978 iu
1163 3918 1224 3979 100

172 4014 284 4078 talenta
299 4016 414 4098 argenti
429 4020 459 4078 et
475 4015 509 4078 in
522 4037 616 4079 unum
632 4015 780 4079 talentum
795 4015 871 4080 auri.
1003 4017 1006 4024 ’

219 4118 308 4180 Anno
325 4118 416 4180 llmo
437 4116 457 4179 J
459 4117 584 4193 oachim,
600 4115 870 4201 Nabugadonosor,
886 4117 1007 4181 veniens
1028 4117 1226 4196 Hierusalem,

175 4218 256 4283 idem
273 4217 420 4282 tributum
439 4220 589 4303 exegitet
605 4218 700 4283 tribus
720 4220 805 4284 annis
825 4219 965 4284 obtinuit.
1005 4220 1133 4284 Domum
1159 4243 1226 4287 vero

173 4322 269 4385 factus
292 4319 409 4384 rebellis
424 4322 570 4400 Joaehim,
592 4322 661 4406 quia
681 4323 743 4406 regi
764 4314 935 4407 Babylonis
951 4322 1088 4408 AEgyptii
1112 4322 1226 4388 bellurn
