3042 5134
552 401 741 465 Cuuoumou
761 401 808 465 ΙΙ.
1167 409 1227 468 159

127 568 292 650 ponsast'.”
337 569 469 632 Territus
498 569 548 632 ille
574 569 649 632 nihil
678 570 785 632 reterre
807 593 896 633 ausus
926 577 980 634 est.
1027 569 1137 636 Postea
1159 595 1229 634 vero

127 671 294 752 praedictos·
299 673 418 757 juvenis
433 673 633 757 presbyterum
650 673 822 757 palumbum
845 676 1052 758 nigromantiae
1074 676 1155 747 adiit,
1178 699 1230 760 per

128 772 214 856 cujus
242 773 459 837 incantationes
496 774 621 838 nnulum
646 775 755 858 recepit
785 783 919 859 porrecta
948 776 1074 859 quadam
1105 779 1228 862 epistola

126 874 244 937 cuidam
284 875 411 939 daemoni
444 899 496 960 per
524 877 682 960 compitam
715 900 783 940 cum
816 879 911 942 multa
945 879 1033 942 turba
1069 881 1223 964 utriusque

125 997 213 1040 sexus
224 979 400 1050 transeunti,
415 984 503 1061 atque
517 981 549 1042 in
571 1002 661 1042 curru
677 986 826 1062 gemmato
841 981 991 1052 residenti,
1014 983 1065 1065 qui
1080 983 1224 1046 annulum

126 1080 272 1142 violenter
292 1082 415 1143 extorsit
437 1103 453 1143 a
475 1081 591 1144 Venere
613 1089 643 1144 et
661 1082 765 1166 juveni
786 1082 918 1160 tradidit,
945 1085 996 1166 qui
1018 1091 1119 1166 postea
1140 1085 1230 1148 libere

127 1181 241 1264 potitus
256 1189 299 1243 est
315 1181 425 1264 cupitis
439 1182 632 1266 amplexibus.
677 1183 792 1267 Corpus
808 1184 951 1248 Pallantis
966 1185 1021 1247 lilii
1037 1187 1179 1264 Evandri,
1192 1187 1228 1251 de

124 1305 184 1366 qoo
199 1283 344 1367 Virgilius
360 1292 466 1362 narrat,
482 1292 554 1348 tooc
570 1285 712 1368 temporis
722 1293 870 1370 repertum
888 1287 1220 1366 estRomaeillibatum3

124 1386 231 1448 hiatus·
248 1385 380 1448 vulneris
409 1386 490 1468 quod
512 1387 544 1448 in
564 1386 661 1449 medio
684 1393 801 1470 pectore
823 1387 940 1450 Turnus
965 1389 1083 1464 fecerat,
1102 1395 1228 1472 quatuor

126 1486 253 1571 pedibus
269 1494 298 1549 et
314 1488 401 1550 semis
419 1494 619 1551 mensuratum
636 1495 700 1550 est:
733 1510 840 1572 corpus
856 1511 941 1552 muro
957 1489 1140 1572 applicitum,
1153 1491 1229 1553 muri

126 1589 313 1653 altitudinem
335 1591 425 1653 vicit·
461 1590 596 1653 Lucerna
617 1590 713 1653 adbuc
734 1590 840 1654 ardens
863 1591 898 1654 ad
922 1598 1011 1674 caput
1033 1598 1079 1654 est
1098 1593 1228 1669 inventa,

128 1714 194 1774 quae
210 1691 292 1754 nullo
306 1692 382 1754 flatu
396 1691 442 1754 vel
457 1693 571 1775 liquore
587 1693 685 1775 potuit
701 1693 846 1775 extingui,
870 1691 964 1756 donec
986 1693 1105 1776 quidam
1124 1692 1231 1756 subtus

125 1793 278 1857 flammam
291 1794 367 1877 stylo
382 1793 514 1857 toramen
528 1794 607 1871 lecit,
625 1801 655 1857 et
670 1796 712 1856 sic
727 1794 897 1857 introducto
917 1816 982 1856 aere
1004 1795 1081 1878 ignis
1097 1795 1226 1858 evanuit.

169 1897 209 1961 In
224 1897 356 1960 confinio
369 1897 562 1961 Normanniae
578 1904 608 1959 et
623 1897 787 1960 Britannice
803 1896 951 1980 quoddam
965 1905 1137 1981 portentum
1158 1919 1222 1960 mu-

124 2000 212 2064 liebri
226 2000 323 2084 speeie
348 1999 513 2077 estvisum,
530 2000 578 2062 cui
593 2007 676 2062 erant
690 1999 750 2061 duo
774 1998 879 2082 capita,
896 1997 968 2060 IIII
984 1998 1111 2075 brachia,
1128 2005 1158 2062 et
1173 2021 1227 2062 cae-

123 2110 189 2166 tera
204 2102 304 2165 omnia
318 2102 436 2184 gemina
450 2123 543 2185 usque
558 2101 595 2164 ad
618 2099 802 2176 umbilicum,
825 2099 947 2162 interius
957 2117 959 2132 ¹
970 2121 1038 2162 vero
1061 2100 1227 2183 singularis.

123 2204 195 2268 Una
209 2227 276 2288 pars
290 2205 414 2282 ridebat,
434 2202 618 2287 loquebatur,
635 2202 749 2278 edebat,
767 2201 857 2264 altera
868 2200 969 2276 flebat,
980 2199 1106 2277 tacebat,
1118 2200 1227 2264 esurie-

123 2307 195 2386 bat;
219 2331 279 2371 una
292 2313 409 2370 mortuo
429 2306 591 2389 supervixit
613 2304 714 2368 altera.
760 2303 903 2366 Portavie
915 2325 990 2386 pene
1010 2302 1138 2366 triennio
1160 2305 1226 2368 viva

124 2415 283 2486 mortuam,
307 2408 401 2470 donec
423 2414 453 2470 et
466 2406 597 2490 pondere
620 2421 650 2469 et
671 2405 774 2468 lectore
789 2404 936 2468 cadaveris
958 2404 1021 2487 ipsa
1037 2425 1154 2488 quoque
1177 2404 1226 2468 de-

126 2513 239 2578 ficeret.

173 2613 319 2676 Henricus
333 2614 491 2697 imperator
514 2613 628 2697 magnis
644 2612 786 2696 praeditus
810 2611 970 2676 virtutibus
992 2610 1174 2674 Windelicos
1197 2616 1227 2674 et

125 2715 279 2791 Scuticios,
296 2721 475 2798 oaeterosqoe
492 2714 617 2798 populos
633 2715 745 2777 Sirenis
768 2713 977 2790 conterminos,
1001 2714 1052 2796 qui
1071 2734 1164 2796 usque
1189 2711 1227 2774 ad

122 2818 201 2881 hanc
213 2816 350 2880 diemsoli
361 2818 494 2880 omnium
505 2817 672 2880 mortalium
680 2839 808 2900 paganas
820 2815 1045 2898 superstitiones
1055 2813 1224 2890 observant,

125 2921 243 2984 devicit·
287 2920 421 3002 Contigit
436 2927 471 2982 ut
493 2920 619 3002 quodam
640 2926 773 3002 tempore
795 2919 954 3002 imperator
976 2919 1119 2982 minctum
1143 2939 1228 2980 mane

124 3029 268 3106 surgeret,
284 3021 523 3106 prospiciensque
536 3044 586 3104 per
601 3021 760 3083 fenestram
776 3020 850 3082 vidit
866 3042 996 3083 sororem
1012 3041 1094 3082 suam
1118 3018 1228 3081 sancti-

123 3125 281 3190 monialem
297 3125 453 3188 Amasium
467 3124 606 3187 clericum
620 3129 703 3186 extra
717 3122 827 3185 curiam
844 3144 932 3205 supra
954 3121 1074 3184 dorsum
1096 3120 1223 3184 efferen-

122 3236 194 3306 tem,
211 3251 249 3291 ne
257 3228 382 3312 vestigia
396 3227 482 3290 amici
494 3227 526 3289 iu
541 3225 608 3288 nive
624 3222 919 3307 deprehenderentur.
965 3220 1182 3285 Obmutescens
1195 3226 1225 3284 et

122 3331 262 3395 haesitans
291 3339 391 3393 utrum
413 3334 566 3412 peccatum
589 3325 773 3409 impunitum
797 3323 969 3400 dimitteret,
1005 3322 1050 3385 vel
1072 3327 1226 3406 peccantes

123 3433 247 3496 honeste
261 3430 459 3512 redargueret,
476 3429 595 3492 tandem
611 3428 815 3511 episcopatum
839 3431 990 3488 vacantem
1014 3424 1095 3488 dedit
1110 3424 1224 3487 Clerico

122 3535 233 3609 dicens,
251 3537 272 3569 “
282 3532 392 3614 Accipe
407 3553 488 3593 nune
503 3532 716 3613 episcopatum,
732 3535 762 3590 et
785 3527 851 3589 vide
874 3548 911 3588 ne
930 3527 1079 3608 inequites
1101 3526 1225 3588 ulterius

122 3639 308 3716 mulierem,”
318 3640 448 3722 itemque
458 3639 530 3700 dans
542 3637 635 3700 sorori
647 3635 794 3699 abbatiam
806 3632 1083 3708 sanctimonialium,
1101 3629 1226 3706 “Esto,'’

121 3745 173 3820 ait,
191 3749 211 3777 “
221 3741 378 3815 abbatissa,
394 3763 449 3804 nec
464 3741 543 3803 ultra
556 3740 675 3824 patiaris
689 3738 827 3801 clericum
850 3733 1011 3818 equitem.”
1044 3732 1168 3796 Conluai
1183 3733 1227 3796 illi

123 3846 306 3912 desciverant
321 3867 339 3906 a
352 3843 478 3925 flagitio.
1222 3894 1227 3899 ,

165 3946 244 4010 ltem
259 3944 386 4008 habebat
409 3945 564 4006 diaconum
589 3942 737 4027 quendum
757 3941 790 4004 in
812 3939 893 4003 curia
915 3938 967 4022 qui
988 3935 1114 4020 quadam
1137 3941 1225 3998 nocte
1274 3950 1275 3954 ’

122 4071 193 4115 com
208 4045 394 4112 meretricula
407 4046 569 4123 volutatus,
586 4051 706 4110 coactus
721 4049 766 4106 est
780 4041 876 4106 verbis
889 4040 990 4104 multis
1003 4038 1039 4102 ab
1052 4038 1225 4121 imperatore
