3042 5134
561 556 747 620 Onucuroun
773 554 800 620 Ι.
1171 557 1214 618 13

194 741 325 821 Interea,
341 741 446 826 Oyrus,
462 762 555 826 nepos
570 741 648 825 regis
664 739 815 825 Astyagis,
834 737 915 823 apud
930 738 1036 802 Persas
1057 735 1213 807 educatus,

153 849 335 928 congregata
348 865 448 921 manu,
466 843 614 906 avunculo
628 864 753 926 regnum
775 840 907 917 abstulit,
918 846 949 903 et
963 846 1067 923 postea
1086 837 1214 922 Babylo-

154 967 224 1010 nem
240 944 367 1010 obsedit.
413 944 583 1009 Advenerat
600 945 730 1022 OroesuS,
746 942 897 1029 Lydorum
914 965 976 1019 rex,
986 948 1017 1005 et
1029 941 1079 1006 alii
1093 939 1215 1003 finitimi

154 1069 239 1132 reges
254 1048 287 1111 in
301 1048 483 1133 adjutorium
497 1046 677 1133 Babylonis3
710 1068 863 1130 quumque
877 1045 1043 1123 Baltbasar,
1060 1046 1120 1109 170
1136 1065 1215 1107 anno

156 1150 253 1234 regni,
276 1155 386 1235 putans
406 1149 583 1214 vaticinium
606 1149 744 1214 Jeremiae
766 1149 931 1226 evanuisse,
954 1147 986 1210 in
1009 1146 1145 1210 convivio
1160 1168 1215 1208 suo

154 1275 228 1318 vasa
240 1253 357 1337 'Pempli
370 1253 530 1330 intulisset,
542 1252 713 1336 supervenit
726 1252 759 1314 in
772 1258 860 1314 nocte
872 1251 1017 1314 exercitus
1032 1271 1085 1333 per
1099 1248 1216 1313 alveum

158 1355 304 1436 fluminis,
328 1362 359 1419 et
380 1356 533 1439 ingressus
554 1355 716 1432 civitatem,
741 1353 898 1418 Baltbasar
920 1375 989 1416 cum
1012 1351 1077 1416 aliis
1096 1350 1216 1434 regibus

160 1458 280 1537 occidit,
311 1463 341 1521 et
369 1458 513 1536 Croesum,
544 1457 707 1522 secundum
744 1455 931 1541 prophetiam
960 1453 1068 1518 Ysaiae.
1114 1452 1218 1523 Quum

160 1560 264 1644 itaque
293 1559 387 1645 Cyrus
417 1566 511 1644 captae
544 1559 661 1623 civitati
691 1558 870 1643 disponeret,
893 1559 1009 1635 00000
1041 1554 1218 1619 ludaeorum

158 1662 294 1747 permisit
322 1662 491 1747 repatriare,
519 1649 645 1725 ¹redditis
675 1661 718 1725 eis
751 1660 872 1724 vasibus
908 1658 1013 1743 templi
1047 1657 1144 1721 aureis
1180 1663 1212 1721 et

160 1762 319 1846 argenteis,
338 1784 432 1846 usque
455 1762 494 1827 ad
515 1765 611 1828 5040.
656 1762 806 1827 Josedeclr
829 1785 950 1847 quoque
970 1761 1153 1825 sacerdotem
1175 1759 1214 1823 dc

158 1885 267 1948 genere
295 1866 396 1928 Aaron
421 1863 517 1928 redire
544 1865 693 1949 praecepit,
718 1871 749 1928 et
775 1866 851 1929 ritus
880 1865 988 1929 veteris
1017 1862 1214 1926 solemnitatis

160 1966 328 2031 reformare.
374 1966 551 2031 Samaritani
578 1989 648 2031 vero
677 1967 793 2051 Templi
822 1966 1093 2031 reaedificationem
1128 1964 1219 2049 longo

161 2074 297 2152 tempore
316 2068 527 2153 impedierunt,
551 2068 647 2133 donec
672 2068 728 2134 sub
751 2070 853 2149 Dari0,
877 2092 957 2134 anno
978 2068 1110 2133 secundo
1132 2068 1220 2152 regni

162 2170 238 2254 ejus,
256 2170 464 2255 compleretur.

207 2271 385 2336 Notandum
407 2295 487 2351 vero,
503 2274 585 2358 quod
606 2273 774 2360 Babylonia
791 2284 879 2359 capta
894 2280 924 2338 et
939 2274 1100 2351 destructa,
1116 2273 1220 2338 etalio

164 2374 198 2438 in
227 2374 293 2438 loco
322 2374 516 2440 reedificata
544 2382 599 2440 est.
643 2376 784 2441 Liberata
812 2384 858 2440 est
892 2377 988 2441 Roma
1016 2400 1034 2440 a
1062 2377 1222 2459 Tarquinio

167 2475 314 2561 Superba.
359 2477 406 2541 Eo
423 2485 556 2561 tempore
578 2479 833 2564 prophetaverunt
855 2479 888 2542 in
910 2478 993 2542 luda
1015 2477 1170 2562 Haggaeus
1192 2486 1223 2542 et

167 2578 334 2656 Zacharias,
364 2584 395 2643 et
430 2580 604 2645 Malachias.
650 2580 819 2667 Cambyses,
848 2581 930 2645 filius
964 2580 1043 2665 Gyri,
1074 2579 1222 2644 secundus

166 2680 433 2765 Nabugodonosor
455 2683 621 2767 appellatus
636 2689 691 2749 est.
737 2684 812 2750 Post
834 2705 923 2769 quern
944 2689 1143 2768 regnaverunt
1163 2683 1224 2748 duo

167 2783 267 2866 magi;
301 2783 411 2866 quibus
434 2783 611 2864 interiectis,
636 2787 773 2871 regnavit
800 2785 921 2864 Darius,
944 2785 1099 2870 Autipasti
1119 2785 1203 2850 iilius
1215 2813 1225 2866 3

164 2884 221 2968 ¹qui
245 2884 338 2949 tiliam
362 2884 431 2970 Cyri
454 2885 540 2950 duxit
561 2887 593 2951 in
614 2910 747 2953 uxorem.
794 2887 940 2972 Subquo
961 2887 1118 2971 Templum
1141 2909 1222 2952 com-

168 2986 285 3071 pletum
309 2993 355 3052 est
381 2991 443 3052 460
458 3011 538 3052 anno
560 2989 597 3054 ab
619 2992 683 3076 ejus
699 2990 941 3055 reaedificatione
962 2990 1089 3074 incepta.
1134 2989 1225 3056 Unde

169 3089 410 3174 “Quadraginta
439 3097 469 3154 ct
502 3113 554 3156 sex
582 3095 668 3158 annis
697 3101 743 3158 est
776 3093 968 3172 aedificatum,
998 3099 1029 3155 et
1058 3093 1091 3155 in
1122 3093 1225 3158 triduo

166 3191 398 3256 re-aedificas?''

211 3296 305 3360 Dario
329 3295 443 3361 Xerxes
463 3295 546 3360 filius
568 3297 631 3382 ejus
650 3298 792 3362 successit
803 3326 812 3378 3
836 3298 892 3364 sub
908 3321 967 3382 quo
985 3299 1097 3365 Esdras
1117 3299 1223 3378 scriba,

171 3420 240 3463 cum
264 3419 378 3482 ‚magna
406 3398 534 3483 pecunia
561 3403 592 3462 et
620 3399 710 3477 vasis,
737 3401 826 3464 rediit
858 3400 895 3465 de
924 3401 1076 3486 Babylone
1101 3403 1225 3469 etfacit

171 3499 390 3565 solemnitatem
419 3499 642 3586 Koenophegiae.
688 3502 731 3566 Et
759 3503 921 3568 Nehemias
949 3504 1038 3568 rediit
1068 3505 1104 3570 de
1128 3513 1224 3573 castro

172 3602 292 3678 Susisis,
307 3606 338 3666 et
355 3601 560 3666 reaedificavit
579 3623 680 3666 muros
700 3604 838 3670 civitatis.
883 3605 947 3669 Iste
967 3606 1090 3686 Xerxes,
1100 3608 1179 3672 iners
1194 3616 1225 3674 et

170 3704 306 3790 pavidus,
322 3702 359 3768 ab
375 3704 527 3769 Artabano
542 3706 683 3790 praefecto
697 3706 893 3792 interemptus
908 3715 962 3773 est.
980 3709 1062 3773 Huic
1082 3713 1224 3776 successit

172 3810 351 3872 Artaxerxes
374 3807 589 3892 Longimanus,
613 3809 665 3893 qui
688 3809 798 3874 Vaslrti
822 3811 955 3896 reginam
981 3811 1104 3891 habuit,
1134 3821 1166 3878 et
1190 3837 1225 3879 ea

174 3915 283 3994 spreta,
299 3908 410 3972 Hester
425 3908 586 3974 Hebraeam
600 3910 695 3974 duxit.

216 4011 302 4076 Circa
317 4011 372 4075 hos
387 4011 450 4076 dies
463 4012 570 4077 floruit
584 4013 771 4079 Aristoteles.

216 4113 291 4178 Post
327 4117 522 4178 Artaxerxem
550 4116 686 4200 regnavit
720 4118 818 4181 Arxer
854 4117 966 4183 Ochus.
1011 4119 1058 4184 Eo
1092 4126 1225 4205 tempore

173 4212 256 4277 venit
277 4211 426 4276 Brennius
447 4211 584 4291 Romam,
606 4213 719 4279 habens
742 4218 871 4281 800000
895 4219 1067 4296 Gottorum,
1088 4226 1118 4284 et
1140 4228 1226 4306 capta

176 4315 305 4394 civitate,
336 4314 456 4380 obsesso
492 4316 649 4401 Capitolio,
680 4341 734 4404 pro
769 4319 898 4386 laxanda
933 4321 1086 4387 obsidione
1119 4345 1225 4389 aurum
