3042 5134
517 527 707 596 enormes
720 527 751 594 1.
1158 532 1206 595 ot

100 720 187 766 enno
214 693 332 784 imperii
360 696 409 764 ssd
436 719 490 784 per
520 696 698 764 Belisarium
726 697 759 764 its
781 695 939 788 Vandalus,
962 702 1004 772 stt
1017 692 1206 772 (tatemerem

95 801 307 887 triumphavit.
352 800 443 872 Quod
458 800 579 866 audiens
588 800 744 866 Theoadns
753 801 836 867 misit
846 801 981 886 litigem,
992 823 1063 866 oum
1073 801 1206 866 exercita

96 913 206 972 eontra
227 925 305 968 eum.
351 903 414 974 Qui
435 901 552 988 Utiges,
576 903 677 968 statim
700 925 752 968 rex
773 905 881 983 faetus,
905 903 1020 988 sprevit
1045 901 1206 972 dominam

96 1029 191 1074 suum
220 1004 414 1084 Thsoadarn3
448 1011 478 1071 et
505 1003 641 1071 traducta
678 1017 767 1092 nepte
798 1005 976 1072 Theoderici
1007 992 1203 1083 maoesosnte,

97 1109 248 1176 continuo
262 1131 341 1174 anno
356 1109 481 1174 Romam
495 1106 621 1173 obsedit.
666 1108 725 1173 Sed
739 1108 861 1174 demum
874 1131 893 1173 a
906 1107 1050 1174 Belisario
1062 1109 1200 1193 lagatus,

80 1211 188 1302 ⁴apud
201 1211 375 1276 Ravennam
391 1205 506 1294 eaptus,
520 1209 692 1295 deportatus
705 1217 753 1274 est
766 1210 1065 1297 Constantinopolim.
1109 1211 1203 1276 Porro
1289 1211 1293 1219 ’

101 1313 216 1380 Getthi
238 1312 357 1378 demum
378 1311 506 1378 'llotilem
526 1333 627 1396 regem
647 1319 831 1391 creaverunt,
853 1319 885 1376 et
902 1312 1013 1378 multas
1032 1313 1159 1398 imperio
1172 1324 1205 1379 st

97 1415 190 1482 llidsi
218 1414 463 1500 persequutiones
491 1413 669 1480 intulerunt.
715 1414 810 1480 Hunc
831 1419 932 1480 umen
961 1436 1014 1500 per
1042 1415 1206 1482 Narsstam

102 1519 217 1586 ducem
229 1517 381 1583 interemit
394 1516 584 1582 lastinianus
594 1542 612 1598 ς.
626 1523 657 1582 et
671 1515 878 1597 Buoellenam,
890 1517 994 1582 dacem
1009 1517 1205 1597 Francorum,

102 1621 170 1690 XV
170 1644 189 1688 o
204 1643 283 1687 anno
297 1621 414 1706 imperii
428 1620 486 1686 sai.

149 1724 244 1790 Psote
262 1729 309 1788 est
327 1709 630 1807 mortalitas'rnagna,
656 1724 687 1787 et
707 1722 847 1814 institute
866 1728 912 1788 est
929 1723 1074 1789 immutas
1095 1723 1208 1790 Purifi-

106 1825 238 1898 estionis
258 1824 371 1893 Moris.
415 1825 458 1890 Et
472 1823 617 1890 celebrata
638 1831 684 1890 est
704 1825 811 1910 quinta
830 1823 968 1912 Synodos
990 1826 1048 1892 snb
1068 1829 1208 1912 Agapeto

104 1951 187 2017 papa
197 1955 208 2010 ς
240 1927 273 1992 in
301 1949 361 2012 qua
388 1926 541 2013 depositus
569 1933 615 1993 est
645 1929 834 2007 Anthemius,
856 1927 1210 2014 Constantinopolitanae

101 2031 607 2121 episcopustantorhaeretieorum.
643 2028 875 2118 HuicAgspeto
895 2030 1207 2119 suecessitJSilverins,

105 2137 261 2202 tricesimo
296 2157 376 2202 anno
409 2134 528 2221 imperii
557 2133 612 2198 sui.
668 2134 837 2200 Declinavit
870 2135 1060 2200 «lastinianus
1089 2157 1107 2200 a
1134 2134 1209 2200 nido

109 2237 276 2304 catholiea.
321 2237 413 2302 Unde
433 2237 575 2322 pracepit
596 2236 729 2315 Silverio,
752 2244 789 2302 nt
807 2237 977 2302 restitueret
998 2237 1206 2304 Anthemium.

109 2341 175 2414 Qui
190 2363 283 2426 quum
302 2339 398 2405 nollet
417 2340 587 2406 hoereticum
610 2339 777 2418 restituere,
792 2339 830 2405 ab
844 2342 1051 2425 Angustaper
1063 2340 1210 2424 Vigilinm

109 2443 336 2530 apocrisiarium
349 2443 446 2508 lactas
463 2448 508 2508 est
523 2440 685 2506 monachus
700 2441 852 2520 silverius,
867 2448 898 2506 et
913 2441 1020 2507 missus
1033 2441 1066 2506 in
1079 2441 1210 2508 exilium.

114 2544 286 2610 Succedens
306 2550 405 2608 autem
420 2543 448 2610 ei
461 2542 602 2627 Vigilius,
618 2541 656 2608 ab
670 2543 815 2627 Augusta
834 2543 1040 2629 interpellatus
1060 2551 1105 2610 est
1125 2545 1210 2610 resti·

108 2653 197 2714 tuere
225 2646 431 2712 Anthemium.
475 2645 538 2717 Qui
567 2665 660 2730 quum
688 2652 827 2711 renueret
858 2646 1030 2712 haereticum
1058 2647 1210 2714 hominem

113 2749 282 2825 restituere,
297 2747 452 2832 indignata
471 2750 611 2832 Augusta
622 2747 741 2812 vocavit
760 2747 917 2833 Vigilium,
932 2753 964 2812 et
977 2747 1081 2812 multis
1094 2748 1213 2833 injuriis

113 2849 227 2917 allecit.
270 2849 327 2914 Oui
341 2849 417 2914 dixit
431 2848 572 2934 Vigilins,
585 2853 606 2884 “
615 2847 687 2913 Non
698 2869 747 2914 me
760 2849 896 2915 iecerunt
909 2849 1010 2916 versiae
1023 2850 1212 2917 lastinianus

113 2960 147 3019 et
160 2951 352 3030 Theodoratl
367 2950 419 3016 sed
434 2949 640 3016 Dioclesianus
656 2957 687 3016 et
700 2951 901 3016 Eleutheria.”

152 3055 229 3120 Post
264 3054 413 3138 vigilium
449 3054 603 3119 ordinatur
638 3041 790 3138 Pelagius.
848 3054 979 3134 interea,
1015 3055 1211 3121 lastinianus

107 3155 270 3224 amentiam
294 3156 429 3250 incurrit,¹
456 3162 487 3222 et
511 3156 591 3222 lacto
618 3155 817 3247 Onropalatat
832 3155 964 3235 Jusnno,
990 3157 1211 3222 XXXVIIIvo

111 3281 194 3328 anno
227 3259 344 3344 imperii
378 3259 425 3325 sni
454 3259 591 3324 decessit.
644 3259 691 3324 llo
719 3266 853 3343 tempore
885 3258 1008 3324 fuerunt
1041 3259 1214 3324 Priscianus

111 3362 334 3448 grammaticus,
346 3368 377 3426 et
398 3362 508 3426 Arator
530 3367 628 3446 poeta,
644 3366 675 3426 et
688 3360 796 3446 Lupus
815 3366 847 3426 et
866 3359 1050 3426 Fortunatus
1072 3360 1213 3446 episcopi,

111 3463 187 3530 olari
201 3463 264 3527 vita
277 3469 308 3528 et
322 3461 465 3528 moribus.

159 3565 300 3632 lustinus
327 3567 430 3652 igitur,
456 3589 494 3632 ex
521 3566 700 3660 Onropalata
728 3565 825 3632 factus
853 3572 900 3632 est
928 3564 1103 3652 Imperator,
1128 3583 1208 3632 anno

153 3869 174 3931 l
192 3870 357 3942 Tsaoaoaa]
378 3871 488 3926 “Serra
499 3871 640 3926 Theodora
651 3870 857 3930 nobilismnlier
868 3879 896 3925 et
915 3871 1036 3942 speciosa
1054 3871 1126 3941 apud
1136 3871 1220 3924 Alex-

115 3957 249 4022 andriam,
259 3965 377 4030 tempore
385 3957 502 4011 Zenonis
510 3959 684 4028 imperatoris,
692 3959 778 4011 vinam
785 3957 902 4011 habebat
911 3957 1021 4010 divitem
1030 3974 1061 4010 sc
1080 3956 1218 4011 timentem

117 4043 237 4096 Deum.”
280 4042 334 4096 For
345 4043 390 4096 tlre
403 4042 514 4113 Legsnd
524 4044 557 4096 ol'
566 4043 619 4096 this
631 4044 713 4107 Salat,
727 4062 771 4097 see
784 4041 829 4096 tlre
844 4043 959 4096 Gouoarr
977 4043 1100 4094 Leonas.

156 4133 170 4192 t
190 4128 387 4202 Ccaorours]
400 4128 457 4184 The
469 4139 567 4186 master
579 4131 609 4184 ol
619 4131 664 4186 the
674 4128 822 4184 houselrold
831 4129 917 4186 nuder
925 4128 970 4182 the
979 4127 1068 4183 Greek
1075 4146 1219 4202 emperors.
