3042 5134
546 517 740 582 Caaourcou
763 515 808 580 ΙΙ.
1165 521 1226 582 189

123 688 422 755 westmonasterium
443 690 476 752 in
497 710 596 774 regem
628 696 740 754 unctus
765 695 809 753 est
831 711 848 752 a
869 689 1039 754 Theobaldo
1061 690 1227 756 Cantuariae

121 793 354 877 archiepiscopo,
371 799 514 876 praesente
525 793 642 877 Rogero
651 792 869 877 archiepiscopo
885 791 1063 857 Eboracensi
1077 806 1108 857 et
1122 816 1227 858 rnanus

123 919 185 960 non
207 903 384 981 apponente·
426 895 542 960 Eodem
563 918 641 959 anno
662 895 791 959 Thomas
815 894 980 960 Cantuariae
1002 896 1225 962 archidiaconus

124 998 251 1063 Henrici
266 998 357 1082 Regis
371 998 468 1062 lactans
483 1004 529 1062 est
543 997 742 1062 cancellarius.

166 1099 259 1161 Anno
272 1095 483 1162 incarnationis
499 1095 626 1173 MOLV,
642 1102 729 1163 natus
744 1102 790 1160 est
802 1094 967 1160 Londoniao
984 1093 1135 1161 chricus
1148 1093 1225 1180 regis

124 1197 250 1261 Henmci
264 1198 387 1262 secundi
401 1197 482 1262 lilius
497 1197 591 1282 pridie
609 1197 758 1262 Kalendas
774 1198 886 1274 Martii,
902 1198 974 1262 feria
989 1205 1080 1262 serta.

167 1302 258 1365 Auno
273 1301 410 1384 sequenti
425 1307 496 1366 nata
508 1307 555 1364 est
569 1301 665 1365 eidem
676 1302 740 1385 regi
753 1300 834 1386 apud
845 1299 1016 1364 Loudonias
1027 1301 1090 1364 lilia
1105 1300 1223 1364 nomine

123 1402 269 1468 Matildis.
314 1402 414 1467 Item:
448 1405 540 1468 Anno
569 1405 780 1469 incarnationis
800 1403 952 1468 MOLVII
977 1403 1055 1488 apud
1078 1403 1227 1468 Oxoniam

123 1505 357 1588 regiuaAlienor
368 1507 480 1591 peperit
489 1507 587 1572 filiurn
598 1506 768 1571 Ricardum.
792 1505 887 1570 ltem:
913 1507 1003 1570 Anno
1017 1505 1227 1570 iucarnationis

123 1608 306 1686 MOLVHI,
323 1610 424 1693 regina
433 1610 556 1674 Alienor
570 1609 684 1694 peperit
695 1608 794 1672 lilium
803 1607 982 1672 Gaulridum
992 1607 1121 1672 nomine.
1149 1606 1172 1670 J
1176 1631 1223 1671 ns-

123 1712 256 1776 tinianus
268 1711 399 1796 Magnus
413 1712 572 1796 imperium
583 1735 662 1776 auno
680 1711 845 1776 Dominicae
856 1711 1065 1775 incarnationis
1084 1710 1226 1776 DXXXo

121 1813 793 1899 IIIloimperavitannisXXXVIIIetdiebus
803 1813 861 1878 XI.
877 1813 941 1888 Qui
951 1814 983 1878 in
993 1813 1226 1878 causiscivilihus

124 1916 268 1982 mirificus
283 1918 382 1982 extitit
399 1925 429 1982 et
443 1917 521 1982 bella
535 1940 673 2002 prospere
688 1917 781 2000 gessit
800 1916 1000 2000 plurimasque
1026 1923 1129 2002 gentes
1154 1915 1224 1981 belli

117 2021 186 2104 jure
208 2020 390 2104 compressit.
435 2019 636 2084 Quamobrem
652 2025 687 2084 ut
704 2017 923 2092 Alamannicus,
945 2017 1077 2096 Geticus,
1092 2020 1224 2094 Atticus,

123 2123 276 2202 Alaricus,
290 2123 460 2201 Francicus,
478 2121 848 2199 wandalicus,ntrica11us
863 2120 942 2204 quod
957 2121 1104 2186 diceretur
1118 2121 1224 2186 habere

121 2226 280 2311 agnomina
293 2225 410 2290 meruit.
429 2225 489 2290 Hic
505 2247 622 2308 quoque
630 2224 710 2309 leges
722 2223 922 2288 Romanorum
939 2246 1061 2307 quarum
1072 2225 1223 2309 prolixitas

121 2327 214 2393 nimia
228 2334 291 2393 erat
305 2334 336 2391 et
355 2327 449 2393 multa
471 2327 653 2392 dissonantia
674 2325 801 2392 mirabili
822 2325 966 2390 brevitate
981 2329 1116 2392 correxit.
1137 2328 1220 2393 Nam

122 2430 350 2494 constitutiones
366 2430 534 2515 principum
550 2452 617 2514 qnae
632 2429 736 2513 ntique
745 2429 779 2493 in
793 2428 896 2494 multis
911 2428 1115 2494 voluminibus
1130 2429 1222 2494 habe-

122 2531 232 2596 bantur
243 2531 323 2597 intra
333 2531 402 2597 XII
416 2533 506 2599 libros
521 2533 662 2598 coartavit
677 2532 814 2615 idemque
828 2530 968 2596 volumen
981 2531 1111 2598 codicem
1127 2533 1148 2598 J
1150 2535 1222 2600 usti-

120 2634 259 2700 cuneum
271 2636 411 2720 appellari
423 2637 571 2721 praecepit.
582 2636 712 2700 Rursum
722 2633 1223 2722 quodsingulorummagistratuum

121 2738 185 2802 sive
207 2738 341 2822 judicum
357 2738 437 2823 leges
452 2762 519 2823 quae
535 2761 628 2822 usque
650 2737 688 2800 ad
710 2736 783 2804 ΠΜ
798 2759 873 2822 pene
888 2735 978 2802 libros
993 2744 1076 2802 eraut
1093 2745 1221 2805 extentae

24 2828 27 2834 ⁵
120 2841 199 2905 intra
213 2840 240 2904 L
255 2839 399 2906 librorum
414 2864 570 2907 nnmerum
586 2839 710 2925 redegit,
726 2861 854 2926 cumque
876 2839 1006 2904 codicem
1028 2840 1221 2926 Digestorum

122 2942 184 3006 sive
205 2942 421 3008 Pandectarum
444 2944 589 3009 vocabulo
604 2943 796 3029 nuncupavit.
833 2942 971 3014 Quarum
984 2945 1072 3008 etiam
1096 2945 1222 3010 Institu-

120 3044 238 3109 tionum
252 3044 352 3124 libros,
366 3046 524 3131 inquibus
539 3046 665 3110 breviter
685 3047 888 3110 universarum
903 3047 1003 3130 legum
1023 3053 1122 3112 textus
1142 3071 1221 3112 corn-

120 3146 324 3230 prehenditur,
337 3149 453 3212 noviter
461 3148 626 3232 composuit
639 3174 648 3226 ς
663 3169 813 3232 novasque
824 3148 904 3231 leges
913 3171 988 3234 quas
1001 3149 1065 3233 ipse
1079 3157 1222 3216 statuerat

119 3250 153 3312 in
167 3271 261 3313 unum
275 3251 414 3315 volumen
430 3252 561 3316 redactas
576 3250 705 3315 codicem
720 3251 879 3316 Novellam
894 3252 1060 3337 nuncupari
1075 3253 1210 3319 sancivit.

164 3351 306 3419 Extruxit
321 3375 439 3438 quoquc
458 3354 537 3418 idem
554 3353 690 3438 princeps
711 3354 790 3418 intra
810 3353 911 3418 urbem
934 3355 1220 3441 Coristantinopolim

121 3453 241 3518 Christo
255 3455 385 3520 Domino
394 3457 446 3541 qui
460 3464 506 3522 est
520 3457 663 3542 sapientia
678 3456 737 3521 Dei
748 3456 845 3520 Patris
859 3457 1004 3542 templum
1020 3460 1100 3542 quod
1116 3460 1221 3524 Graecc

121 3556 265 3622 vocabulo
281 3560 396 3644 Agyam
411 3560 562 3645 Sophiam,
578 3559 610 3624 id
631 3567 677 3624 est
699 3566 832 3623 sanctam
854 3561 1029 3644 sapientiam
1046 3561 1219 3626 nominarit.

119 3659 215 3744 Cujus
228 3684 304 3746 opus
318 3662 391 3726 adeo
406 3669 515 3728 cuncta
522 3662 647 3727 redilicia
658 3662 775 3727 excellit
789 3663 865 3726 utin
876 3664 947 3726 totis
960 3669 1105 3728 terrarum
1116 3665 1220 3749 spatiis

119 3765 191 3830 hnic
205 3764 301 3829 simile
316 3788 377 3829 non
399 3767 494 3850 possit
515 3767 658 3831 inveniri:
682 3765 850 3830 construxit
864 3773 962 3830 aulem
984 3789 1049 3830 eam
1064 3766 1217 3830 ecclesiam

119 3867 256 3952 primitus
275 3868 470 3932 Constantios
488 3868 642 3952 Magnus:
665 3867 848 3953 temporibus
864 3890 931 3932 vero
942 3868 1100 3932 Theodosii
1115 3867 1221 3953 Magni

119 3970 152 4035 in
179 3970 311 4035 secunda
325 3971 438 4056 synodo
461 3994 586 4056 quaeque
607 3972 685 4036 lacta
705 3986 751 4036 est
764 3971 797 4035 in
811 3971 1072 4055 Constantinopoli
1087 3971 1220 4036 leoemnt

117 4073 238 4140 Arriani
252 4072 426 4138 seditionem
442 4080 473 4138 et
487 4073 713 4139 combusserunt
729 4079 839 4137 tectum
856 4074 986 4138 ecclcsiae
1000 4074 1093 4158 ipsius
1109 4074 1217 4140 stabat-

116 4199 176 4264 que
189 4176 373 4262 discooperta
388 4177 505 4244 duobus
519 4177 614 4243 anuis.
630 4176 716 4327 Tppc
732 4177 870 4262 praecepit
887 4175 1071 4242 Theodosius
1087 4177 1217 4263 Magnus
