3042 5134
326 461 389 528 tto
749 461 896 526 anunrr
918 460 1033 529 uren

321 631 408 716 proni
422 631 460 696 ad
483 630 671 709 imitandum,
692 632 823 717 prompti
847 631 884 695 ad
901 628 1089 706 adulandum,
1107 649 1199 712 quum
1212 631 1246 692 et
1261 623 1425 710 impunitas

322 741 444 817 prestet
458 733 621 810 audaciam,
636 734 749 798 diritire
764 755 833 798 vero
849 737 957 796 acuant
972 739 1002 795 et
1016 729 1178 796 accendant
1193 729 1323 813 eulpam.

365 1297 552 1414 Mcnxsso.
595 1349 905 1413 Annoincarnationia
925 1348 1036 1414 Christi
1052 1345 1208 1412 MCLXII
1223 1345 1329 1411 beatus
1345 1341 1424 1412 Tho·

318 1471 382 1514 mas
393 1451 473 1534 regis
482 1450 607 1514 Henrici
622 1449 744 1514 secundi
759 1450 949 1516 orticellarius
964 1458 1152 1514 consecratus
1161 1451 1247 1513 estin
1262 1449 1423 1534 arehiepis-

318 1574 426 1637 copum
442 1552 695 1617 (hntuamensem.
741 1556 832 1616 Anno
847 1553 983 1637 sequenti
999 1553 1130 1616 duellum
1146 1552 1259 1614 lactum
1275 1558 1322 1614 est
1345 1553 1425 1634 iuter

317 1655 483 1720 Henrieum
504 1653 542 1718 de
565 1655 689 1719 Essexia
709 1661 740 1718 et
758 1657 836 1718 inter
851 1654 1016 1720 Robertum
1032 1655 1068 1718 de
1084 1653 1239 1730 Munlord,
1255 1676 1345 1738 quem
1360 1655 1423 1718 Ro-

316 1755 419 1820 bertus
438 1757 469 1819 in
484 1778 588 1841 cumpo
603 1757 775 1821 semivivum
793 1757 921 1841 reliquit,
937 1757 990 1820 sed.
1003 1764 1107 1842 postea
1120 1757 1256 1841 plurimis
1276 1757 1363 1820 aunis
1386 1757 1421 1820 in

315 1857 495 1922 monachatu
518 1858 598 1942 apud
613 1859 801 1943 Reudinglres
816 1859 1005 1923 landabiliter
1019 1857 1103 1923 vixit.
1162 1859 1256 1943 Cujus
1270 1859 1327 1922 lilii
1342 1881 1422 1922 nun-

314 1981 402 2044 quam
414 1966 518 2044 postea
527 1967 678 2045 paternam
690 1961 891 2025 haereditatem
901 1961 1016 2045 assequi
1027 1968 1197 2045 potueruut.

360 2061 563 2127 MOLXIllo.
598 2063 743 2127 Generale
764 2062 921 2126 concilium
937 2085 972 2127 ex
988 2070 1135 2147 praecepto
1150 2063 1227 2144 regis
1243 2060 1371 2128 Henriei
1385 2063 1423 2128 ll

314 2164 395 2249 apud
416 2164 638 2228 Northamtnne
653 2163 786 2227 habitum
802 2175 856 2241 est,
873 2187 965 2247 aquo
981 2163 1085 2228 beatus
1102 2163 1239 2240 Thomas,
1253 2163 1420 2229 libertatem

313 2267 445 2331 eeclesia
459 2267 623 2351 opprimere
642 2267 840 2343 machinante,
866 2267 993 2330 latenter
1012 2267 1156 2345 discessit,
1178 2273 1208 2330 et
1230 2268 1420 2351 praesentiam

315 2369 431 2433 domini
449 2391 533 2454 papae
553 2368 633 2454 apud
652 2369 783 2432 Senones
798 2369 879 2432 adiit.
926 2369 990 2455 Ber
1005 2391 1075 2433 vero
1088 2376 1191 2433 eontra
1204 2391 1274 2432 eum
1290 2371 1372 2434 misit
1386 2371 1419 2433 in

312 2471 518 2556 allegationem
547 2470 783 2554 archipraesulem
813 2469 1030 2534 Eboracensem
1057 2471 1219 2554 Rogerum,
1244 2471 1417 2556 episcopum

313 2574 553 2638 londoniensem
576 2572 754 2648 Gilbertnm,
784 2572 962 2636 Oistrensem
993 2572 1152 2650 Hilarium,
1184 2571 1415 2656 Wigomensem

313 2674 473 2759 Bogerum,
500 2676 698 2766 llxouipuaem
719 2675 982 2753 Bartholomaeum,
1004 2675 1202 2740 Willielmum
1223 2677 1363 2741 comitem
1378 2678 1416 2740 de

256 2791 260 2796 “
317 2776 463 2855 Arundel,
479 2775 678 2860 Regiualdum
693 2777 730 2841 de
743 2777 897 2854 Warrene,
914 2785 944 2842 et
959 2776 1032 2840 alios
1048 2777 1245 2862 quamplures,
1270 2779 1323 2862 qui
1344 2779 1420 2842 nihil

313 2877 435 2941 omnino
450 2877 487 2941 ad
502 2885 606 2940 votum
622 2878 668 2941 vel
682 2879 867 2962 propositum
884 2880 961 2962 regis
976 2887 1167 2963 peregerunt.

355 2978 532 3043 MooLXV.
546 2979 695 3043 Heurions
711 3002 761 3042 rex
777 2979 861 3043 duxit
876 2980 1123 3044 innumerabilem
1133 2983 1295 3045 exercitum
1311 2989 1417 3046 contra

312 3081 500 3160 Gaulenses;
533 3081 733 3166 praebentibus
756 3081 814 3144 sibi
844 3083 986 3146 auxilinm
1018 3083 1258 3159 Flandrensibua,
1290 3085 1415 3162 Scottis,

310 3183 414 3260 Pictis,
430 3182 694 3267 Andagavensibus
719 3192 750 3246 et
774 3183 874 3247 multis
899 3185 983 3248 aliis:
1006 3185 1059 3248 aed
1085 3207 1152 3248 cum
1172 3193 1255 3248 tanta
1275 3185 1415 3252 multitu·

312 3285 381 3349 dine
407 3307 457 3349 eoa
482 3308 545 3348 non
568 3285 760 3370 expugnavit,
785 3286 878 3350 immo
903 3287 1001 3370 magis
1025 3293 1129 3350 eontra
1159 3309 1190 3350 ae
1218 3289 1414 3371 exasperavit.

310 3387 439 3471 Captum
466 3393 511 3450 est
533 3394 564 3450 et
586 3409 605 3450 a
626 3386 826 3451 Gaulensibus
848 3401 977 3451 castrum
999 3387 1163 3470 Caradigan
1180 3383 1349 3452 ¹famosum.
1376 3390 1415 3453 In

312 3488 439 3573 quadam
462 3487 618 3551 obsidione
631 3488 710 3572 apud
725 3488 853 3572 Bridges
868 3496 971 3553 eontra
990 3487 1152 3573 lingonen
1178 3489 1214 3552 de
1230 3489 1415 3568 Mortemari,

311 3610 405 3674 quum
444 3588 524 3651 idem
552 3611 604 3652 rex
637 3613 656 3652 a
684 3589 813 3674 quodam
835 3591 953 3678 sagitta
982 3597 1177 3674 appetereter,
1217 3589 1341 3672 quidam
1379 3613 1414 3654 ex

311 3689 479 3777 proceribus
501 3691 572 3768 suis,
595 3691 705 3755 scilieet
727 3692 882 3756 Hubertus
909 3691 946 3755 da
967 3693 1077 3756 Sancto
1102 3690 1199 3769 Clero,
1226 3689 1413 3756 constabula-

312 3795 375 3858 rius
404 3792 583 3871 colcestriae,
612 3795 712 3858 statim
735 3817 767 3858 se
796 3803 881 3869 tanto
908 3794 1069 3858 discrimini
1095 3794 1259 3878 opposuit,
1276 3800 1415 3857 mortem·

312 3919 371 3980 que
401 3917 456 3980 pro
490 3895 611 3959 domiuo
646 3919 702 3959 suo
734 3898 860 3980 excepit.
927 3897 1022 3981 Cujus
1067 3896 1257 3980 postmodum
1295 3897 1410 3959 unicam

310 3998 402 4062 tiliam
418 3997 449 4060 in
464 4020 546 4061 suurn
558 3997 720 4061 custodiam
739 3997 915 4082 suscipieris,
931 4005 1014 4081 patre
1029 3997 1138 4071 ibidem
1156 3996 1302 4060 moriente
1317 4003 1349 4060 et
1363 4018 1413 4080 pru

310 4122 347 4164 ea
360 4120 459 4182 regem
473 4099 687 4182 interpellante,
703 4100 796 4164 tradit
811 4123 875 4164 erm
892 4099 1043 4164 Willelmo
1067 4099 1104 4162 de
1121 4098 1291 4186 Laugvalee
1305 4099 1410 4164 inma-
