3042 5134
212 555 215 560 ,
300 482 362 547 188
720 480 866 546 uanam
887 474 994 542 Nrenr

292 674 361 736 rega
376 650 486 716 Scotiae
504 648 612 728 David,
636 649 669 714 in
689 648 767 714 iesto
783 647 973 714 Pentecostes
994 641 1075 729 apud
1089 639 1209 707 Carliul.
1259 635 1399 704 Secundo

292 754 466 838 posthunc
496 773 585 830 auno,
609 750 773 816 Dominicae
795 750 907 814 scilicet
927 745 1137 812 incarnationis
1166 742 1264 819 Mon,
1296 761 1399 806 everso
1517 789 1518 804 2

292 853 501 920 monasteriolo
523 852 604 936 quod
625 852 720 916 tribus
741 853 827 916 annis
854 849 971 916 obsedit
988 847 1153 912 Gauiridus
1176 845 1398 926 Plantagenest,
1517 859 1518 898 i

292 955 421 1019 reddidit
438 954 579 1018 ducatum
594 953 793 1019 Ncrmanniae
809 952 941 1048 Henrico
951 950 1016 1015 filio
1027 971 1093 1026 suo,
1108 953 1139 1011 et
1150 945 1329 1010 Lodouicus
1344 965 1397 1007 rex

294 1058 427 1122 I'mnciae
441 1057 616 1140 homagium
632 1056 758 1121 Henrici
773 1055 830 1118 filii
845 1053 986 1118 GauIridi
999 1051 1211 1133 Plantagenest
1227 1045 1263 1109 dc
1285 1045 1401 1108 ducatu

294 1158 492 1222 Normanniae
512 1165 542 1222 ct
563 1159 706 1222 comitatu
720 1156 902 1240 Andagaviae
918 1155 1040 1238 accepit.
1084 1152 1126 1215 Et
1146 1151 1215 1213 dum
1233 1147 1399 1214 Gauiridus
1517 1223 1518 1230 ἶ

294 1260 507 1344 Plantugenest
541 1281 640 1324 comcs
666 1259 849 1343 Andagaviae
875 1257 984 1324 rediret
1013 1254 1180 1320 Parisiosa
1210 1251 1293 1314 curis
1321 1249 1400 1334 regis
1517 1269 1518 1290 ³

293 1362 435 1439 Francia,
463 1360 608 1426 concasit
630 1361 663 1426 in
677 1361 747 1424 iata.
1517 1365 1518 1382 ¹

337 1533 427 1595 Auno
442 1531 608 1596 Dominicae
629 1531 840 1595 incarnationis
861 1529 977 1607 mono,
999 1536 1116 1593 mortuo
1130 1525 1266 1592 Conrado
1286 1527 1399 1610 imper·
1517 1563 1518 1598 r

294 1637 376 1696 atone
399 1633 544 1710 Romano,
559 1632 732 1696 I'redericus
748 1655 841 1717 nepos
855 1632 985 1696 Conradi
1006 1631 1043 1695 iit
1064 1632 1233 1715 imperator.
1278 1629 1396 1692 Eodem

293 1755 372 1796 anno
398 1731 578 1797 celebratum
599 1741 644 1796 est
667 1734 829 1798 divortium
852 1735 929 1798 inter
951 1755 1051 1818 regem
1073 1733 1206 1796 I'ranciae
1220 1738 1251 1794 et
1272 1730 1399 1794 Alienor
1517 1721 1518 1783 i

290 1833 435 1918 reginam,
451 1842 481 1897 et
496 1834 580 1898 duxit
595 1857 660 1898 eam
675 1835 825 1899 Henricus
844 1836 906 1899 dux
921 1835 1113 1899 Normanuiae
1133 1841 1162 1897 et
1178 1856 1278 1898 comes
1293 1832 1396 1896 Ande·
1517 1825 1518 1890 ἶ

291 1936 384 2018 gavia
398 1950 429 1999 et
443 1936 485 1999 sic
499 1935 600 2000 iactus
616 1943 661 2000 ast
675 1937 737 2000 dux
753 1939 981 2022 Aquitanorum.

343 2104 435 2167 Anno
450 2102 615 2168 Dominicae
631 2103 844 2169 incarnationis
862 2103 996 2182 MCLII,
1013 2103 1162 2168 Henricus
1177 2104 1239 2166 dux
1251 2101 1404 2167 Norman-

244 2288 247 2293 θ
296 2203 491 2268 niaeintravit
506 2205 652 2288 Angliam
674 2206 707 2268 in
728 2228 820 2269 manu
841 2207 936 2270 valida
958 2214 988 2269 et
1008 2206 1159 2270 castellum
1180 2205 1217 2268 de
1231 2204 1404 2268 Maumebri
1517 2192 1518 2232 Τ

299 2304 415 2368 obsedit
429 2310 460 2369 et
474 2304 609 2369 obsessos
630 2306 667 2369 ad
683 2307 866 2371 deditionem
882 2307 989 2392 coegit.
1034 2308 1147 2372 Eodem
1167 2329 1255 2384 anno,
1279 2312 1401 2369 mortuo

300 2404 399 2470 David
412 2428 482 2489 rege
496 2406 679 2484 Scottorum,
694 2410 836 2472 successit
848 2409 876 2472 ei
893 2409 1070 2473 Malcolmus
1090 2431 1183 2492 nepos
1205 2409 1279 2491 ejus,
1303 2406 1354 2470 sed
1371 2415 1402 2470 et
1517 2415 1518 2434 ³

299 2506 481 2571 Eustachius
495 2507 577 2572 iilius
593 2509 671 2593 regis
686 2509 829 2594 Stephani
845 2517 982 2574 mortuus
997 2517 1042 2575 est
1056 2516 1085 2574 et
1099 2510 1274 2574 Anastasius
1291 2531 1380 2594 papa.

343 2657 437 2723 Anno
459 2659 624 2725 Dominicce
645 2662 856 2728 incarnationis
878 2663 1030 2742 MCLIII,
1060 2663 1142 2729 iacta
1171 2669 1216 2726 est
1243 2683 1303 2748 pax
1326 2663 1405 2726 inter
1517 2713 1518 2716 ,

297 2780 396 2843 regem
413 2761 597 2844 Stephanum
612 2771 642 2828 et
660 2765 825 2829 Henrionm
836 2766 940 2830 ducem
958 2766 991 2830 N
992 2767 1161 2844 ormanniae,
1175 2771 1204 2828 et
1214 2788 1263 2830 ren
1276 2765 1402 2850 Stepha-

302 2882 362 2924 nus
380 2861 544 2926 Henrieum
560 2864 664 2930 ducem
691 2867 722 2930 in
749 2868 846 2932 filium
867 2869 1013 2954 arrogavit
1023 2897 1033 2948 3
1064 2876 1094 2932 et
1108 2869 1198 2931 etiarn
1219 2868 1252 2931 in
1271 2890 1341 2932 eum
1353 2869 1404 2954 jus
1517 2945 1518 2958 χ

298 2983 387 3026 suum
398 2963 550 3027 transtulit-
559 2971 772 3050 etpotcstatem
783 2995 792 3047 3
809 2968 938 3033 sibivero
946 2972 1046 3052 quoad
1058 2971 1135 3033 vixit
1144 2970 1234 3053 regiae
1244 2969 1401 3052 dignitatis

300 3062 394 3128 solam
407 3063 564 3151 imaginem
578 3069 746 3132 reservavit.
792 3070 978 3134 Munitioues
995 3071 1056 3134 suis
1068 3070 1201 3134 fundatae
1212 3069 1400 3154 temporibus

301 3164 410 3230 dirutus
425 3173 504 3241 sunt,
521 3189 644 3251 quarum
659 3192 800 3235 numerus
816 3194 911 3256 usque
925 3171 964 3235 ad
978 3173 1117 3236 undecies
1133 3171 1218 3236 CXV
1234 3174 1374 3236 excrevit.

348 3333 439 3397 Anno
469 3333 678 3400 iucarnationis
701 3337 873 3418 MOLIIII,
895 3340 1071 3406 Lodovicus
1093 3365 1145 3406 rex
1166 3342 1299 3408 Franciae
1320 3343 1406 3409 duxit

303 3454 428 3498 uxorem
455 3436 550 3501 filiam
569 3438 729 3504 AIdeiunsi
753 3442 831 3526 regis
855 3443 1076 3528 Hispaniarum,
1100 3467 1197 3529 quem,
1221 3445 1302 3529 quod
1323 3447 1404 3531 prin-
1517 3483 1518 3516 1

299 3535 415 3619 cipatur
430 3539 540 3624 regulis
556 3542 743 3626 Arragonum
760 3553 791 3610 et
806 3545 937 3624 Galiciac,
960 3548 1164 3632 imperatorem
1182 3549 1397 3634 Hispaniarum
1517 3537 1518 3589 ἕ

302 3637 499 3724 appellabant.

349 3803 467 3869 Eodem
482 3829 569 3885 anno,
585 3808 688 3875 VIIIo
703 3813 845 3879 kalendas
860 3815 1040 3883 Novembris
1062 3842 1113 3884 rex
1136 3799 1305 3906 Stephanus
1321 3822 1405 3888 obiit.
1517 3881 1518 3898 2

312 3903 382 3974 Quo
396 3906 499 3972 audito
513 3909 573 3973 dux
588 3911 782 3980 Normanniae
805 3917 954 3983 Henricus
977 3921 1063 3986 VIIo
1085 3923 1160 3987 Idus
1185 3924 1355 3989 Decembris
1375 3927 1408 3989 in

306 4006 446 4090 Angliam
463 4011 592 4085 veniens,
615 4014 718 4080 XIIII
740 4019 881 4108 kalendas
904 4021 1050 4118 «ianuarii,
1074 4024 1121 4088 die
1137 4025 1304 4106 Dominice,
1327 4029 1407 4112 apud
