3042 5134
554 559 748 628 'Onaomoou
787 558 815 623 Ι.
1038 629 1047 644 ι
1172 553 1212 617 at

205 733 319 802 Lucius
328 758 381 800 rex
390 733 555 800 Britannice
565 733 647 798 misit
659 732 698 797 ad
708 728 914 798 Eleutherium
927 727 1049 813 Papam,
1059 730 1167 810 rogans
1181 731 1219 790 ut

159 837 248 904 fieret
262 838 459 916 Christianus,
475 846 505 902 et
520 835 661 901 obtinuit.

204 941 345 1006 Mortuus
361 947 406 1005 est
433 939 553 1004 Marcus
574 939 608 1002 in
622 937 779 1002 Pannonia
791 943 888 1004 morte
902 936 1011 1016 subita,
1032 941 1063 1000 et
1077 931 1222 999 successit

158 1042 188 1106 ci
199 1043 312 1107 Lucius
327 1042 467 1107 Aurelius
482 1041 673 1120 Commodus,
689 1064 768 1106 anno
782 1042 993 1106 incarnationis
1002 1037 1127 1104 Domini
1143 1037 1181 1101 17
1186 1037 1220 1098 0.·

163 1145 225 1210 Hic
239 1145 367 1210 luxuum
382 1154 412 1208 et
437 1144 615 1210 obscenitati
637 1144 768 1224 deditus,
795 1146 937 1211 omnibus
951 1144 1011 1209 iuit
1026 1141 1221 1208 incomoda

163 1255 196 1312 ct
210 1247 305 1312 multa
317 1247 432 1332 flagitia
447 1247 637 1332 perpetravit.
683 1247 775 1312 Unde
790 1256 821 1312 et
836 1250 902 1334 ejus
917 1269 1035 1334 prauam
1048 1251 1114 1310 teta
1127 1244 1224 1309 Βοωυ

167 1350 272 1427 sensit,
287 1351 350 1415 ictu
365 1351 498 1415 fulminis
513 1348 694 1416 bibliotheca
703 1358 903 1416 ¹concremata.

211 1453 258 1518 Eo
272 1459 405 1538 ternpore
422 1453 585 1516 Montanus
601 1461 631 1517 et
646 1453 813 1518 Maximilla
826 1462 858 1520 et
874 1454 985 1532 Prisca,
1000 1452 1061 1517 acti
1083 1448 1226 1515 daemoni·

167 1552 236 1632 bus,
266 1575 298 1618 se
327 1553 494 1638 prophetas
522 1575 586 1618 esse
623 1555 789 1635 finxerunt,
816 1563 847 1621 et
879 1556 991 1620 multas
1030 1553 1223 1618 seduxerunt.¹

169 1656 253 1722 Alias
267 1656 349 1720 enim
363 1656 459 1720 multo
475 1665 607 1741 tempore
618 1680 721 1742 paoem
731 1658 837 1724 habuit
848 1660 990 1724 Ecclesia.
1035 1657 1082 1722 Eo
1093 1661 1228 1740 tempore

167 1759 343 1824 Eleutherio
364 1759 505 1822 suecessit
530 1759 636 1824 Victor
661 1762 767 1826 Romae
777 1789 787 1842 3
825 1762 1009 1827 Alexandriae
1026 1761 1046 1825 J
1049 1758 1150 1826 uliano
1163 1758 1225 1822 De-

167 1861 314 1940 metrius;
351 1861 520 1926 Antiochiae
535 1863 678 1948 Serapion
692 1869 815 1930 octavus
830 1866 869 1930 ad
883 1866 1033 1951 apostolis.
1100 1862 1143 1927 nt
1156 1865 1228 1925 nata

168 1972 216 2030 eat
227 1965 351 2050 quaestio
367 1964 403 2028 de
417 1964 590 2030 celebranda
604 1967 727 2043 Pascha,
744 1975 775 2032 et
792 1967 926 2046 definita,
938 1975 983 2047 ut,
998 1968 1154 2033 observata
1169 1967 1229 2030 lla

172 2069 255 2148 luna,
271 2067 466 2154 proximadie
487 2067 647 2136 Dominica
670 2069 877 2135 celebraretur.
935 2072 1143 2136 interfuerunt
1157 2063 1228 2132 con·

173 2171 244 2236 cilio
258 2171 365 2235 Victor
380 2170 469 2255 Papa,
495 2169 665 2252 Narcissus,
680 2173 855 2258 patriarcha,
871 2173 1055 2259 Theophilus
1069 2171 1230 2238 cesarien-

172 2274 225 2353 sis,
240 2275 373 2338 Irenaeus
390 2273 612 2357 Lugdunensis,
628 2275 733 2339 etalii.

218 2377 313 2442 Lucio
322 2375 445 2441 Aurelio
456 2375 619 2441 Commodo
630 2379 816 2464 strangulato
831 2379 864 2443 in
879 2379 967 2443 domo
977 2378 1103 2458 Vestoli,
1116 2397 1232 2441 succes·

178 2481 220 2548 sit
234 2481 333 2545 AElius
347 2479 497 2556 Pertinax,
507 2487 538 2544 et
550 2481 705 2566 imperavit
720 2489 839 2546 tautum
855 2485 874 2544 6
890 2482 1052 2546 mensibus.
1096 2480 1154 2546 cui
1165 2494 1231 2542 sno*-

179 2579 269 2644 cessit
278 2578 298 2641 J
300 2577 429 2656 uliauua
437 2585 469 2642 et
483 2579 639 2662 imperavit
655 2583 671 2645 7
684 2580 845 2644 mensibus.
889 2581 932 2646 Et
945 2581 988 2647 ita
1001 2580 1046 2645 illi
1061 2580 1122 2644 duo
1136 2600 1234 2642 unum

176 2704 288 2747 annum
299 2681 529 2765 compleverunt.
557 2682 602 2746 Eo
612 2688 742 2767 tempere
751 2683 873 2747 luerunt
882 2683 1083 2767 haeretici,qai
1092 2682 1233 2746 docerent

180 2783 332 2849 Christum
348 2805 412 2847 esse
428 2805 534 2868 purum
550 2785 700 2849 hominem
715 2793 746 2851 et
760 2809 823 2851 non
842 2786 952 2866 Deum,
968 2793 999 2851 et
1012 2790 1235 2870 corrumperent

181 2888 300 2952 Sacram
316 2886 508 2971 scripturam.
1219 2904 1224 2914 ·

223 2989 246 3054 J
248 2990 348 3055 uliano
364 2990 504 3054 successit
520 2991 645 3055 Severus
661 3014 739 3056 anno
754 2991 967 3057 incarnationis
978 2992 1103 3058 Domini
1120 2993 1192 3068 180,
1206 2995 1237 3054 et

179 3094 336 3180 imperavit
353 3096 393 3158 18
408 3093 503 3158 annis.
549 3093 609 3158 Hic
623 3094 681 3158 luit
707 3117 803 3159 sarus
826 3101 857 3160 et
881 3095 1049 3173 bellicosus,
1075 3093 1237 3160 admodum

181 3205 331 3276 strenuus,
347 3197 459 3262 Graecir
474 3203 505 3260 et-
518 3197 634 3262 Latinis
649 3197 756 3263 litteris
771 3199 841 3263 satis
856 3198 1001 3263 eruditus.
1046 3199 1119 3263 Fuit
1128 3204 1156 3262 et
1170 3219 1236 3262 acer

184 3300 316 3386 ingenio,
332 3305 362 3363 ct
377 3299 414 3363 ad
429 3299 528 3363 omnia
543 3321 609 3384 quae
624 3301 800 3364 intendisset
822 3302 885 3365 fine
910 3308 999 3366 tenus
1027 3321 1237 3386 perseverans:

184 3411 215 3470 et
243 3402 449 3468 benevolentia
478 3425 537 3486 quo
568 3426 599 3466 se
628 3402 801 3467 inclinasset
822 3403 951 3468 mirabili
973 3411 1061 3489 atque
1084 3411 1236 3492 perpetua,

186 3504 425 3590 adquaerendam
438 3526 556 3588 quoque
568 3505 745 3589 diligens,et
759 3504 797 3570 ad
811 3506 997 3590 largiendum
1011 3506 1149 3585 liberalis,
1166 3512 1197 3570 et
1206 3503 1240 3566 in

185 3609 295 3675 amicos
324 3621 354 3671 et
384 3607 414 3670 in
444 3607 581 3672 inimicos
610 3609 721 3692 pariter
747 3608 915 3674 vehemens.
961 3610 1034 3688 Iste,
1064 3617 1133 3694 post
1161 3607 1241 3672 bella

186 3712 325 3798 plurima,
340 3710 469 3774 venitin
490 3710 685 3790 Britanniam,
701 3733 826 3796 eamque
849 3735 868 3777 a
892 3713 966 3776 mari
988 3711 1136 3798 usquead
1160 3733 1240 3776 mare

185 3816 264 3880 vallo
279 3821 310 3878 et
323 3812 457 3878 turribus
472 3815 677 3878 communivit.
742 3814 805 3880 Sub
819 3815 877 3879 hoc
891 3838 960 3880 vero
980 3816 1060 3879 iacta
1071 3823 1117 3880 est
1136 3815 1242 3898 quinta

185 3917 377 4005 persequutio
389 3916 635 3982 Christianorum.
681 3918 744 3982 Sub
753 3920 811 3983 hoc
822 3919 900 3982 enirn
914 3942 1017 4003 passus
1028 3927 1073 3982 est
1081 3919 1239 3996 Leonidae,

186 4029 271 4108 pater
285 4019 428 4104 Eugenis,
446 4019 497 4103 qui
511 4027 584 4084 tunc
604 4022 755 4105 septennis
775 4021 807 4086 in
823 4021 1023 4086 Grammatica
1036 4021 1111 4086 alios
1136 4022 1241 4084 docere

183 4125 309 4190 idoneus
333 4123 401 4186 luit.
448 4123 556 4186 Passus
582 4131 629 4188 est
653 4131 683 4188 ct
710 4125 844 4189 Irenaeus
864 4125 1090 4208 Lugdunensis,
1106 4125 1239 4190 etmulti

186 4229 247 4294 alii.
293 4227 397 4290 Rornae
412 4225 577 4312 Zephyrino
593 4228 735 4292 successit
750 4228 895 4305 calixtus,
912 4228 983 4292 etei
999 4227 1150 4292 Urbanus

233 4332 340 4396 Severo
364 4335 483 4393 mortuo
509 4329 589 4414 apud
617 4329 798 4409 Eboracum,
815 4331 958 4394 successit
981 4331 1120 4396 Aurelius
1145 4333 1243 4394 Anto·

190 4434 281 4500 ninus
295 4431 468 4510 Bassianus
485 4433 535 4516 qui
549 4440 581 4498 et
595 4433 743 4500 Caracalla
758 4434 856 4498 dictus
871 4440 925 4513 est,
942 4457 1020 4500 auno
1034 4434 1243 4500 incarnationis
