3042 5134
1505 9 1512 249 l

324 376 386 440 ric
734 373 882 438 ninom
910 370 1016 436 Nmru
1505 331 1514 620 j

321 570 430 634 aquam
451 543 635 613 benedictam
663 545 730 610 ficri
750 545 890 612 omuibus
911 541 1068 608 dominicis
1097 541 1213 622 diebus,
1243 543 1334 608 annis
1373 545 1423 621 10,
1511 622 1512 644 Χ

322 649 474 716 mensibus
498 655 528 727 b,
553 648 658 713 diebus
683 653 733 714 ll.
779 649 880 714 Tertia
904 646 942 711 iit
964 645 1202 710 Christianorum
1221 645 1425 731 persequutio.

323 753 408 816 Pessi
423 758 493 816 sunt
508 751 612 816 Minae
626 750 795 816 Alexander
809 773 885 836 papa
900 758 931 814 et
943 748 1070 812 Hermes
1080 749 1132 833 qui
1143 749 1214 813 iecit
1227 749 1425 824 Pastoralem,
1511 823 1513 844 Ἀ

325 862 356 920 et
371 855 529 932 Quirinus,
549 854 696 932 Eventus,
719 853 901 930 Theodolus,
916 859 946 915 et
961 849 1099 936 Ignatius
1116 850 1309 916 Alexandriis
1324 849 1426 915 bestiis
1512 847 1513 874 l

326 963 532 1040 consumptus.
575 956 686 1020 Passus
714 963 760 1020 est
790 957 893 1020 Simon
921 954 1061 1038 Cleophae
1090 955 1123 1018 in
1153 954 1372 1038 Hierosolymis
1395 954 1426 1018 in

326 1085 412 1128 cruce
442 1084 534 1147 quum
565 1069 642 1126 esset
670 1062 757 1126 CXX
788 1082 945 1126 annorum.
992 1058 1054 1123 Hic
1080 1059 1162 1143 prius
1191 1059 1369 1144 praedicavit
1396 1059 1426 1122 in

325 1166 472 1251 tllgjpto.
496 1164 728 1248 Persequutione
742 1164 875 1228 fervente
888 1161 1005 1227 Plinius
1018 1161 1173 1226 Secundus
1182 1183 1292 1246 praeses
1301 1161 1427 1245 impera

324 1268 384 1331 tori
398 1267 516 1351 scripsit
536 1266 721 1331 Christianos
736 1265 812 1330 nihil
828 1271 932 1329 contra
948 1263 1160 1347 rempublicam
1180 1263 1288 1340 iacere,
1313 1269 1345 1326 et
1360 1284 1428 1326 mox

324 1379 520 1454 temperatum
544 1376 590 1433 est
615 1369 756 1433 edictum.
827 1367 948 1431 Clarent
971 1366 1111 1430 Julianus
1137 1366 1374 1431 Cenomanensis
1399 1373 1429 1429 et

325 1472 473 1536 Taurinos
488 1470 675 1536 llbroiceusis
689 1470 830 1554 episcopi.
868 1470 1012 1554 Trajanus
1027 1468 1108 1552 apud
1123 1468 1287 1532 Seleuciam
1304 1467 1429 1532 Isauriae
1512 1475 1513 1564 j

325 1572 429 1637 urbem
452 1573 563 1636 ventris
596 1571 743 1656 profluvio
765 1571 914 1635 extinctus
943 1579 988 1634 est
1010 1593 1088 1634 anno
1116 1571 1186 1634 vitae
1215 1592 1278 1634 suae
1309 1569 1428 1634 LXVo.

326 1674 391 1738 Sub
406 1695 440 1738 eo
455 1674 529 1739 IIII
544 1673 736 1758 Olympiades
755 1674 849 1738 luere.
895 1673 983 1738 Solus
1006 1673 1150 1758 Trajanus
1165 1673 1245 1736 intra
1261 1671 1373 1736 urbem
1386 1677 1430 1736 est
1511 1665 1514 1848 j

327 1777 472 1861 sepultus.

372 1878 628 1943 VMCCCXllIl.
650 1880 816 1944 'inmanes
832 1898 1006 1944 rnrnnsvrr
1020 1898 1117 1942 annis
1131 1881 1172 1943 la
1189 1905 1196 1941 ι
1214 1877 1395 1943 Hrsrauus.
1512 1887 1513 1920 ³

373 1979 474 2044 AElius
498 1979 649 2045 Adrianus
665 1981 764 2045 dictus
786 1989 831 2044 est
846 1981 916 2065 qnia
934 1981 1100 2046 Arrianus:
1117 1979 1289 2044 consobrini
1312 1979 1431 2065 Trajaui
1512 1997 1513 2054 j

328 2080 410 2145 filius
424 2080 492 2160 fuit,
504 2090 603 2147 orator
626 2083 732 2147 Latine
753 2089 784 2146 et
804 2083 917 2161 Graeca,
934 2089 1046 2160 cantor,
1063 2082 1204 2160 medicus,
1221 2083 1431 2167 geometricus,
1511 2057 1513 2118 l

328 2183 453 2262 facetus,
467 2206 533 2248 acer
548 2186 585 2249 ad
599 2185 804 2250 lacessendum
826 2193 856 2248 et
870 2184 1119 2270 respondendum,
1134 2185 1226 2262 seriis,
1245 2186 1328 2269 joco,
1344 2184 1432 2249 male-

331 2286 428 2364 dictis,
452 2287 654 2352 instructusa
684 2287 839 2357 Quadrato
876 2286 1021 2371 discipulo
1048 2287 1258 2371 apostolorum,
1289 2287 1433 2371 praeoepit

329 2393 365 2452 ut
386 2388 487 2452 nullus
510 2389 697 2454 Christianus
723 2390 787 2454 sine
813 2388 932 2473 objectu
958 2389 1089 2453 oriminis
1116 2389 1281 2473 puniretur.
1351 2388 1434 2452 Pessi

333 2497 405 2554 suut
419 2491 599 2554 Eustachius
615 2497 645 2554 et
655 2491 818 2556 Faustinus
828 2513 897 2556 cum
908 2492 1004 2569 sociis,
1017 2491 1090 2555 locis
1103 2490 1235 2554 diversis.
1248 2490 1353 2554 AElius
1365 2491 1436 2554 vicit

333 2596 525 2659 Sauromatas
536 2603 566 2659 et
575 2596 813 2680 Hierosolymam
821 2596 1021 2674 reaedificavit,
1032 2597 1145 2660 AEliam
1156 2618 1221 2659 eam
1232 2595 1399 2680 appellans,
1410 2601 1438 2660 et

333 2695 450 2760 ludaeis
464 2697 631 2781 ingressum
645 2698 808 2782 prohibuit.
865 2699 984 2762 Primus
1006 2697 1049 2762 ibi
1071 2698 1228 2782 episcopus
1241 2719 1277 2761 ex
1293 2697 1439 2782 gentihus

331 2799 391 2862 tuit
404 2798 535 2862 Marcus.
572 2799 681 2864 Dictus
695 2807 741 2864 est
755 2801 855 2865 AElius
871 2808 955 2884 pater
969 2800 1081 2885 patriae.
1143 2799 1201 2864 Sed
1217 2821 1311 2882 quum
1328 2800 1439 2864 iterum

333 2899 431 2964 Judaei
447 2900 646 2986 ingredientes
657 2902 759 2967 urbem
775 2903 976 2981 rebellassent,
993 2903 1101 2966 missus
1116 2908 1161 2966 est
1177 2902 1284 2966 Hehus
1299 2902 1440 2966 Ruffitns

333 3003 385 3086 qui
400 3005 521 3068 omnino
540 3023 604 3068 eam
628 3005 736 3069 delevit
756 3027 817 3069 non
844 3006 1015 3089 relinquens
1037 3005 1164 3090 lapidem
1188 3026 1278 3089 super
1295 3005 1440 3090 lapidem.

334 3105 447 3170 Claruit
470 3107 580 3190 Aquila
601 3108 760 3193 interpres3
784 3108 833 3172 hic
852 3108 1005 3172 transtulit
1028 3108 1064 3170 de
1087 3107 1216 3172 Hebraeo
1237 3109 1271 3171 in
1297 3109 1441 3173 Graecum

333 3230 412 3272 anno
426 3208 543 3274 CXXV
557 3222 625 3294 post
639 3211 839 3276 ascensionem
854 3211 985 3274 Domini.
1047 3210 1131 3275 Sedit
1154 3209 1257 3274 Sixtus
1279 3211 1376 3295 Papa,
1389 3212 1440 3294 qui

334 3311 439 3374 statuit
461 3312 589 3375 Sanctus
601 3313 658 3376 dici
681 3313 720 3376 ad
741 3313 870 3390 missam,
890 3313 976 3376 annis
996 3313 1035 3390 X,
1057 3312 1211 3377 mensibus
1230 3312 1315 3390 IIII,
1333 3312 1440 3378 diebus

335 3411 423 3476 XXL
440 3412 512 3477 Post
522 3414 719 3498 Telesphorus
729 3415 861 3493 Graecus,
873 3415 924 3499 qui
936 3415 1040 3479 statuit
1059 3415 1162 3478 Gloria
1176 3415 1342 3478 incunctata
1353 3417 1443 3480 Deo!
1513 3409 1514 3426 .

334 3515 446 3577 cantari
467 3522 556 3577 nocte
575 3517 731 3594 natalis,et
753 3518 785 3579 in
803 3540 837 3582 eo
861 3540 927 3602 quae
949 3525 1114 3602 sequuntur
1136 3517 1253 3602 adjecit,
1279 3523 1309 3580 et
1332 3517 1442 3582 falsum

335 3621 381 3678 est
407 3615 486 3698 quod
512 3615 601 3681 beato
622 3617 738 3681 Hilario
761 3618 923 3696 ascribunt,
954 3626 983 3682 et
1006 3620 1137 3683 instituit
1163 3620 1194 3683 in
1216 3618 1443 3704 quadragesima

330 3717 467 3802 jejunari,
483 3741 576 3802 quum
590 3730 659 3783 aute
674 3720 796 3784 ecclesia
812 3744 926 3806 semper
947 3723 1103 3806 jejunaret,
1120 3722 1171 3804 qui
1188 3721 1263 3785 sedit
1280 3722 1370 3786 annis
1384 3722 1442 3800 XI,

334 3818 484 3897 mensibus
499 3819 563 3898 Ill,
579 3821 684 3886 diebus
698 3822 824 3888 XXIII.
933 3823 935 3826 ’

340 4016 342 4019 Υ
377 3922 650 3988 VMCCCXXXV.
675 3928 843 3990 humanus
865 3907 1039 3999 rnnnnnvrn
1058 3946 1154 3990 aunis
1172 3928 1223 4004 21,
1239 3925 1441 3991 Consonnrru

334 4026 477 4090 Turrani
493 4047 607 4093 rrurus.
