3042 5134
356 502 397 567 'lt
767 496 914 565 urana
937 494 1043 563 Nrenr

353 694 434 739 anno
455 670 493 736 ab
512 668 716 736 incarnatione
744 667 869 734 Domini
897 666 1119 747 DCOCXIIII,
1142 673 1258 731 creatus
1287 667 1442 749 imperatur,

358 774 517 860 imperavit
530 774 593 839 lere
606 771 699 838 XXV
710 772 807 848 anun,
822 771 867 835 vir
879 771 1006 835 clemens
1021 780 1053 835 et
1067 771 1146 857 pius,
1161 777 1194 833 et
1207 790 1272 835 non
1287 769 1443 865 bellicosus.

351 877 443 943 Unde
463 882 525 941 tarn
548 899 566 940 a
586 874 689 940 liberis
710 875 773 939 suis
791 896 885 959 qnam
904 896 922 937 a
943 872 1118 958 proceribus
1139 872 1234 937 multe
1262 894 1369 957 passus
1396 881 1441 938 est.

349 980 415 1044 Iste
437 980 471 1044 in
493 978 596 1043 multia
620 977 770 1042 ordinavit
789 976 932 1041 Ecclesia
952 982 1065 1039 statum
1091 982 1122 1039 et
1147 976 1328 1060 composuit.
1372 976 1443 1039 Duas

353 1080 462 1146 habuit
489 1102 607 1145 uxores.
651 1080 700 1145 De
728 1080 824 1165 prima
853 1078 959 1163 genuit
987 1077 1164 1145 [rotharium
1193 1084 1225 1142 et
1251 1078 1397 1169 Papinum
1419 1084 1443 1141 et

350 1184 554 1251 Lndovicum.
597 1184 646 1248 De
660 1182 956 1260 secundaOarolum,
971 1202 1075 1267 regem
1089 1181 1284 1245 Francorum.
1343 1180 1442 1245 Lotha·

352 1290 426 1368 rius,
441 1286 607 1353 aPaschali
626 1308 704 1372 papa
716 1292 886 1364 coronatus,
906 1285 941 1349 in
951 1283 1074 1349 ccclesia
1082 1282 1163 1347 beati
1174 1283 1258 1349 Petri
1274 1284 1442 1349 constituta

353 1399 399 1457 est
414 1395 584 1476 Angustus.

404 1496 451 1560 Eo
465 1501 599 1579 tempore
613 1499 759 1557 venerunt
772 1491 812 1555 de
828 1491 924 1555 Rama
937 1489 968 1554 in
984 1488 1113 1555 Galliam
1128 1512 1251 1575 corpora
1266 1490 1442 1565 Sanctorum,

354 1596 521 1662 sebastiani
543 1596 720 1672 Suessionis,
736 1602 767 1659 et
783 1594 942 1680 Hippolyti
953 1597 1019 1667 †.ct
1044 1591 1176 1659 Tiburtii
1202 1593 1284 1677 apud
1316 1595 1443 1659 Sandan

351 1699 545 1783 Dionysium.
603 1699 708 1763 Roma
745 1694 885 1782 Eugenio
915 1698 1058 1761 successit
1088 1695 1332 1775 Valentinianus,
1370 1695 1442 1759 etei

356 1802 520 1886 Gregorius
540 1811 678 1885 quartus.
736 1800 856 1879 Postea,
870 1800 1033 1865 Lotharius
1047 1805 1163 1884 patrem
1177 1821 1266 1865 suum
1280 1800 1383 1885 posuit
1395 1797 1442 1861 sub

351 1902 497 1981 custodia,
522 1910 552 1967 et
587 1902 697 1968 Judith
719 1902 810 1967 exilio
837 1902 988 1987 relegavit,
1014 1909 1045 1966 et
1071 1902 1261 1967 Ludorioum
1288 1902 1443 1987 captivavit.

354 2005 415 2069 Sed
428 2014 533 2090 postea
545 2005 703 2071 concordia
716 2006 794 2070 facta
804 2028 858 2091 per
869 2001 1029 2091 piincipcs,
1045 2011 1174 2089 quatuor
1188 2004 1261 2069 filiis
1278 2005 1344 2069 suis
1358 2002 1445 2069 diruit

353 2108 511 2196 imperinm
525 2130 623 2175 snum.
667 2108 780 2175 Divisit
793 2110 888 2193 igitur
901 2109 1045 2175 Lothario
1060 2109 1191 2189 ltaliam,
1203 2109 1366 2174 -Ludovico
1381 2108 1448 2197 Ger·¹

353 2214 492 2291 manum,
507 2212 621 2298 Pepino
647 2213 850 2297 Aquitaniam,
866 2211 971 2278 Carolo
986 2212 1157 2277 Francicus.
1218 2210 1279 2277 Sed
1294 2211 1443 2279 Lotharim

352 2314 458 2381 fratrm
474 2314 595 2380 turbare
614 2315 730 2380 statuit.
774 2315 825 2379 Ad
851 2338 942 2400 quam
965 2314 1166 2380 turbationem
1181 2314 1348 2380 sedandam
1363 2334 1444 2399 quum

352 2418 592 2503 proficisceretur
607 2424 700 2503 pater,
726 2426 865 2483 mortuns
879 2424 925 2483 est
947 2440 1027 2483 anno
1040 2418 1114 2483 ritae
1128 2418 1247 2498 LXIV,
1264 2417 1303 2483 ab
1319 2418 1446 2483 Incarus·
1499 2445 1500 2448 ¹

352 2521 436 2585 tione
457 2520 699 2598 Dcccxnvss,
722 2520 869 2586 Kalendis
891 2521 912 2586 J
915 2520 978 2585 ulii.
1023 2522 1098 2586 Post
1131 2522 1217 2607 cujus
1248 2520 1378 2600 obitum,
1398 2518 1445 2584 filii

353 2622 519 2687 adinvicem
533 2622 748 2687 dimicaverunt
756 2650 766 2702 ς
783 2622 835 2688 scd
850 2622 974 2687 Oarolus
988 2621 1121 2687 obtinuit
1135 2622 1298 2688 victoriam.

418 2724 523 2789 Roma
548 2724 694 2809 Gregorio
720 2726 864 2790 successit
888 2726 1019 2811 Sergius,
1044 2731 1075 2789 et
1096 2725 1125 2790 ei
1151 2725 1215 2789 Leo
1231 2732 1368 2809 quartus,
1382 2722 1444 2789 etei

353 2824 546 2904 Benedictus,
584 2834 616 2892 et
644 2828 674 2892 ei
697 2828 852 2893 Nicolaus.
906 2831 954 2895 llo
982 2836 1116 2914 tempore
1144 2828 1336 2895 Theodnlius
1367 2826 1445 2895 abbas

353 2928 595 3008 Floriaccusinm,
615 2936 647 2995 et
665 2932 823 3016 episcopus
848 2932 1071 2997 Aurelianensis
1086 2932 1341 3017 relegatusexilio
1355 2930 1445 2997 Ande-

354 3030 447 3117 garis·
493 3030 598 3103 Qum
620 3034 779 3117 processio,
806 3056 895 3118 quam
918 3056 971 3099 rex
994 3043 1176 3119 sequeretur,
1200 3035 1344 3101 transiret
1365 3054 1446 3120 prope

356 3155 502 3199 carcerem
516 3134 549 3199 in
565 3157 625 3219 quo
639 3143 711 3214 erat,
727 3136 905 3216 decantavit,
926 3139 1039 3215 (limis,
1057 3140 1126 3201 laus
1141 3146 1170 3202 et
1179 3140 1278 3217 maor,
1295 3144 1328 3203 et
1340 3145 1446 3203 caetcra.

355 3234 399 3301 nt
409 3258 447 3300 ex
457 3258 493 3301 eo
506 3242 640 3321 tempore
653 3238 779 3323 gatiam
793 3238 908 3305 invenit
919 3240 999 3325 apud
1013 3262 1123 3325 regem.
1167 3240 1209 3305 llt
1223 3240 1397 3305 institutum
1408 3244 1447 3303 est

355 3336 389 3401 in
403 3337 535 3419 ecclesia,
556 3341 639 3405 utin
657 3341 747 3406 ramis
769 3340 940 3407 Palmamm
963 3342 1075 3428 ubique
1096 3349 1241 3408 cantetur.
1286 3342 1448 3409 Alexander

357 3462 440 3520 vero,
465 3447 502 3505 ut
515 3442 631 3509 dictum
644 3451 700 3523 est,
726 3445 859 3510 instituit
873 3468 979 3531 aquam
996 3445 1192 3526 benedictam,
1208 3453 1239 3511 et
1253 3446 1353 3511 oleum
1369 3446 1448 3511 benc·

389 3746 405 3805 t
425 3741 613 3808 Hrrroarrus,
626 3760 642 3795 a
653 3743 748 3813 bishop
771 3744 825 3796 aud
846 3750 955 3815 martyr,
968 3762 1021 3797 was
1040 3753 1136 3815 putto
1155 3744 1244 3810 death,
1262 3762 1335 3799 anno
1354 3750 1414 3799 230.
1428 3743 1450 3794 It

354 3844 467 3899 appears
475 3828 544 3881 from
556 3828 587 3881 St
597 3829 736 3895 Ambrose,
749 3830 807 3881 that
818 3830 853 3883 he
864 3830 919 3882 had
932 3829 1026 3883 served
1036 3830 1064 3882 in
1078 3831 1123 3884 the
1137 3830 1241 3883 Maian
1253 3847 1341 3901 army.
1387 3836 1403 3863 “
1414 3830 1448 3881 De

351 3912 405 3967 boc
422 3921 538 3984 martyre
564 3914 737 3984 (Hippolyto)
758 3915 796 3967 sio
814 3914 880 3967 dicit
897 3914 1062 3981 Ambrosius,
1081 3916 1110 3968 in
1132 3914 1334 3971 Psararrona:
1357 3918 1447 3971 Beatm

354 4008 456 4069 martyr
476 3998 638 4070 Hippolytus
655 3999 789 4052 Christum
809 4017 901 4053 verum
921 3999 1017 4053 ducem
1033 4000 1214 4067 considerans,
1231 4002 1308 4055 miles
1326 4004 1384 4074 ejus
1401 4017 1448 4055 esse

357 4084 452 4137 maluit
469 4102 548 4156 quam
562 4084 617 4139 dux
630 4084 745 4139 militum
757 4086 955 4157 comprobari.”
