3042 5134
339 396 404 460 148
756 391 1020 458 fflnunriNronr

340 566 421 632 sosio
449 565 587 629 humanis
608 562 697 627 rebns
717 569 870 648 exempto,
893 561 1032 647 precibus
1053 561 1143 646 Papae
1165 561 1303 642 Adriani,
1328 562 1437 627 bellom

339 675 444 734 eontra
465 666 680 751 longobardos
708 666 849 750 snseepit,
877 672 909 728 et
932 665 1121 729 Desiderium
1149 687 1249 750 regem
1275 689 1382 730 eorum
1408 673 1436 730 et

340 770 518 854 Adelgisum
545 767 644 832 filium
672 768 737 851 ejus
761 766 799 830 ab
826 766 916 831 Italia
944 766 1089 844 recedere,
1115 774 1147 831 et
1172 767 1317 832 Romanis
1341 775 1438 852 erepta

341 873 495 936 restituere
516 871 624 954 coegit,
646 876 677 933 et
698 869 904 953 Hortgaosum
924 868 1029 932 dueem
1051 869 1117 932 loro
1142 869 1257 934 Juliani
1282 870 1382 954 ejecit,
1410 877 1438 933 et

342 973 489 1058 Papinum
504 973 603 1036 filiurn
625 993 715 1035 sunm
729 993 828 1056 regem
850 971 946 1034 ltaliae
960 971 1105 1055 praefeeit.
1150 972 1223 1034 Post
1235 972 1301 1036 haee
1316 973 1438 1036 Saxoni-

343 1097 410 1139 cum
427 1073 548 1152 bellom,
560 1073 642 1158 qnod
656 1073 742 1158 qnasi
755 1072 957 1136 intermissum
973 1071 1141 1151 videbatur,
1151 1093 1254 1136 rursus
1265 1074 1439 1136 inchoatum

343 1176 492 1240 XXXlIo
522 1197 600 1239 anno
628 1175 749 1238 linitum
779 1180 834 1237 est.
903 1173 981 1236 Gum
1011 1171 1179 1237 Senonibus
1208 1173 1288 1236 bello
1318 1180 1439 1248 certato,

346 1275 525 1360 Hispaniam
546 1275 727 1360 aggreditur,
751 1274 889 1358 saltuque
918 1274 1043 1358 Pyrenei
1073 1281 1221 1358 superato,
1251 1275 1383 1339 castellis
1412 1282 1441 1338 et

345 1378 470 1444 urbibus
490 1379 524 1442 in
543 1379 724 1442 delitionem
738 1377 867 1461 aeeeplis
887 1376 969 1440 salvo
984 1377 1116 1440 exercitu
1136 1377 1314 1460 regreditur,
1336 1384 1442 1462 preter

345 1481 427 1566 quod
449 1483 482 1544 in
502 1482 568 1565 ipso
588 1479 714 1565 Pyrenei
733 1480 810 1563 jugo
831 1479 1009 1542 Vaseoniam
1030 1477 1186 1564 perfidiam
1206 1480 1239 1542 in
1268 1480 1370 1543 reditu
1399 1487 1443 1542 est

345 1590 494 1668 expertus.
528 1583 609 1646 Nam
624 1604 718 1665 quum
736 1580 855 1665 agmine
869 1580 960 1664 longo
977 1588 1010 1644 ut
1028 1581 1087 1644 loci
1101 1587 1132 1645 et
1146 1583 1351 1666 angustiarum
1369 1581 1443 1645 situs

345 1685 536 1770 permittebat
552 1692 705 1769 porrectus
727 1684 784 1748 iret
798 1683 954 1760 exereitus,
976 1682 1127 1748 Vaseones
1144 1684 1179 1746 in
1199 1684 1311 1747 montis
1333 1684 1443 1748 vertice

346 1787 451 1871 positis
473 1785 598 1864 insidiis,
612 1785 790 1848 novissimos
811 1785 937 1868 desuper
959 1785 1153 1861 incursantes,
1174 1785 1207 1848 in
1224 1807 1314 1849 unam
1334 1786 1443 1850 vallem

346 1910 414 1973 qum
442 1887 551 1952 dicitnr
581 1885 761 1951 Ronoevaus
786 1886 938 1970 dejiciunt,
968 1894 999 1950 et
1025 1895 1163 1950 conserto
1186 1909 1255 1950 oum
1270 1888 1316 1950 eis
1338 1887 1443 1972 praelio

346 1989 500 2074 usquead
519 2012 615 2054 unum
635 2011 738 2052 omnes
756 1988 951 2065 interficiunt,
974 1993 1005 2052 et
1025 1995 1094 2072 post
1115 1988 1146 2050 in
1175 1989 1292 2053 diversa
1320 1989 1446 2074 projecti

346 2091 444 2156 noetis
463 2092 604 2156 instantis
633 2090 778 2154 beneficio
800 2113 867 2154 oum
890 2111 1007 2154 summa
1035 2090 1182 2154 eeleritate
1211 2097 1284 2154 sunt
1309 2089 1445 2175 dispersi.

347 2194 388 2258 In
417 2195 474 2258 boo
498 2193 600 2277 prelio
614 2191 775 2276 liggardus
799 2193 890 2276 regiae
915 2214 1024 2256 mensae
1056 2192 1243 2276 praepositus,
1280 2193 1446 2257 Anselmus

348 2318 447 2360 eomer
460 2295 572 2380 palatii,
587 2300 678 2378 atque
692 2293 882 2358 Rothlandus
896 2293 1060 2357 Britannici
1068 2293 1176 2358 littoris
1184 2295 1365 2378 praepositus
1376 2317 1446 2360 oum

348 2398 469 2463 Olivam
483 2398 592 2462 eomite
605 2397 819 2462 oeoubnerunt.
866 2397 925 2460 Sed
936 2396 1059 2460 Carolus
1069 2397 1127 2460 boe
1140 2397 1255 2460 laetum
1269 2397 1447 2482 adpraesens

348 2500 498 2564 vindicare
518 2523 581 2564 non
601 2501 710 2584 potuit,
733 2499 804 2582 quia
824 2497 919 2563 hostis
939 2498 982 2562 ita
1000 2498 1149 2582 dispersus
1170 2505 1225 2574 est,
1245 2505 1281 2562 nt
1295 2521 1353 2563 nee
1367 2499 1447 2563 lama

349 2603 470 2686 quidem
506 2608 646 2679 maneret,
676 2600 799 2665 ubinam
825 2601 961 2686 gentium
984 2601 1075 2684 quaeri
1102 2603 1257 2684 potuisset.
1317 2601 1446 2666 Domuit

349 2711 380 2768 et
400 2711 446 2767 ter
468 2703 616 2780 Britones,
638 2703 702 2786 ipse
722 2710 791 2787 post
812 2725 865 2786 per
887 2703 1006 2766 Italiam
1028 2707 1059 2765 et
1088 2703 1213 2766 Romam
1237 2704 1296 2766 iter
1321 2704 1443 2779 faciens,
1511 2727 1512 2792 ι

348 2805 483 2888 capuam
510 2811 541 2868 et
581 2805 785 2868 Beneventum
815 2805 848 2868 in
877 2803 1057 2868 deditionem
1088 2805 1209 2889 aceepit,
1273 2805 1446 2869 Baioarium
1511 2805 1512 2898 l

350 2905 458 2971 dehine
485 2905 598 2970 bellom
626 2905 713 2970 aeleri
740 2906 872 2971 {ineest
901 2906 1093 2990 eompletnm,
1123 2912 1210 2989 capto
1234 2905 1390 2970 Oassilone
1418 2915 1448 2969 et
1511 2905 1512 2908 ’

350 3008 510 3072 Theodone
529 3008 603 3086 lilio,
624 3015 656 3072 et
673 3007 825 3092 provincia
838 3007 997 3072 comitibus
1016 3007 1053 3071 ad
1068 3008 1231 3091 regendum
1248 3007 1327 3072 data.
1374 3007 1448 3072 Post

350 3104 415 3169 baec
450 3105 561 3170 Solaria
599 3105 712 3170 bellum
747 3109 794 3168 est
838 3105 966 3182 illatum,
1006 3105 1167 3168 maximum
1213 3105 1349 3168 omnium
1389 3105 1447 3168 luit

349 3207 427 3272 illud
454 3208 536 3292 qnod
564 3215 669 3272 contra
702 3207 812 3271 Hunos
841 3213 886 3270 est
914 3213 1095 3291 susceptum.
1155 3207 1305 3271 Ultimum
1334 3207 1447 3270 bellum

349 3315 454 3374 eontra
470 3310 573 3373 Dauos
591 3316 622 3373 et
643 3309 845 3385 Normaunos,
868 3330 995 3392 quorum
1014 3308 1077 3372 dux
1095 3308 1302 3385 Gotholridus‚
1329 3309 1381 3372 hic
1404 3315 1449 3372 est

349 3418 435 3495 pater
450 3410 572 3494 Eggeri,
588 3431 738 3493 quumque
752 3416 885 3493 tempore
900 3411 991 3493 patris
1003 3432 1065 3474 non
1079 3411 1205 3492 amplius
1227 3433 1317 3492 quam
1331 3433 1368 3474 ea
1381 3433 1449 3494 pars

351 3510 458 3573 Galliae
486 3533 553 3594 quse
581 3512 660 3574 inter
695 3511 813 3574 Βοιιιιιιι
843 3517 874 3574 et
902 3511 1045 3594 Ligerim,
1075 3519 1105 3576 et
1134 3534 1279 3578 oceanum
1308 3519 1340 3575 et
1370 3534 1449 3576 mare

351 3611 535 3676 Balearicum
563 3613 652 3695 jacet,
675 3621 705 3676 et
733 3635 802 3696 pars
831 3613 999 3678 Germaniae
1027 3637 1093 3696 quae
1121 3615 1200 3677 inter
1228 3616 1389 3679 Saxouiam
1419 3621 1448 3679 et

351 3713 534 3786 Danubium,
551 3721 582 3777 et
596 3715 716 3778 Renum
728 3715 847 3792 fluvios,
863 3722 894 3778 et
909 3717 1006 3779 Salam
1022 3724 1052 3780 et
1065 3717 1231 3800 Thoringas
1252 3723 1283 3780 et
1298 3716 1449 3781 Garrobos

351 3815 460 3880 dividit
482 3816 587 3900 posita,
607 3816 657 3899 qui
681 3817 847 3882 Orientalos
869 3817 1009 3881 dicuntur
1036 3817 1186 3895 incolitur,
1208 3824 1239 3881 et
1259 3819 1450 3902 praeterhac
1511 3849 1512 3904 p

351 3919 510 3982 Alemanni
547 3919 675 3982 Baioarii
711 3918 749 3982 ad
798 3925 976 4002 potestatem
1027 3919 1210 3983 Francorum
1258 3921 1449 4004 pertinerent.

351 4020 476 4084 Carolus
490 4019 692 4104 Aquitaniam,
708 4020 900 4098 vasconiam,
911 4026 1009 4084 totum
1025 4021 1152 4104 Pyrenei
1162 4021 1272 4106 jugum
1287 4023 1409 4101 montis,
1421 4028 1449 4085 et
1511 4019 1512 4044 ¹
