3042 5134
436 511 439 516 ¹
506 426 727 499 “Cauomcou
744 434 789 498 II.
1139 437 1199 500 117

112 625 116 632 ’
140 606 217 670 Post
235 603 402 669 Adrianum
425 604 582 690 imperavit
599 605 772 669 Antoninus
779 604 852 668 Pius
869 604 990 669 Marcus
1009 603 1135 668 Fulvius
1155 603 1206 670 be·

101 709 226 794 nignus,
236 730 326 793 gener
334 707 470 772 Adriani.
502 708 609 773 Sedere
621 729 705 792 papae
716 705 859 791 Hyginus
868 707 953 771 annis
965 713 996 785 ὃ,
1010 707 1161 772 mensibus
1174 711 1204 786 3,

104 810 213 875 dicbus
233 810 457 877 ‘irhnacletus
478 810 626 877 sccundus
647 811 733 874 annis
756 814 786 888 9,
812 810 965 876 mensibus
986 813 1016 889 3,
1037 809 1142 875 diebus
1165 813 1205 875 4:

103 913 179 976 Pius
194 912 280 976 annis
297 915 347 985 11.
364 912 515 976 mensibus
530 916 561 990 4,
572 911 676 976 diebus
691 915 730 974 21
746 938 753 976 :
771 912 855 977 Soter
871 913 956 975 annis
970 915 1001 989 4,
1014 911 1165 976 mensibus
1176 915 1206 991 3,

104 1017 217 1082 diebus
242 1021 296 1081 22.
350 1017 489 1082 Olarucrc
511 1017 661 1080 Photinus
680 1015 891 1099 Lugdunensis
914 1016 1159 1100 archiepiscopus,
1176 1021 1206 1078 et

104 1122 253 1184 Arrianus
262 1119 501 1184 Nicomediensis
509 1119 714 1205 philosophus,
725 1119 904 1201 Apollonius
920 1118 1048 1196 Stoicus,
1060 1117 1205 1182 Basilides

105 1221 378 1306 scythopolitanus,
400 1221 555 1286 Gallienus
577 1220 718 1298 medicus,
734 1221 868 1295 Eriseus,
892 1219 912 1282 J
915 1220 1031 1284 ustinus
1046 1220 1161 1304 Martyr
1176 1225 1207 1282 ct

104 1323 313 1407 philosophus.
360 1323 421 1388 Hic
435 1329 556 1388 sanctus
571 1323 713 1388 Fortinus
725 1331 854 1406 quatuor
869 1322 1021 1387 columnas
1029 1343 1207 1386 marmoreas

105 1432 222 1509 emptas
236 1427 339 1491 Romae
354 1425 482 1490 daemoni
504 1415 651 1510 deposuit,
667 1426 854 1510 Lugdunum
871 1424 1028 1499 vehendas,
1045 1425 1097 1509 qui
1121 1446 1206 1508 quar-

105 1535 172 1591 tam
201 1527 347 1592 Rhodano
375 1527 529 1605 immersit,
555 1528 673 1592 tertiam
699 1551 769 1591 vero
797 1535 943 1612 praecepto
970 1528 1064 1592 sancti
1090 1527 1123 1592 in
1146 1526 1207 1591 duo

107 1629 230 1708 secavit,
260 1637 291 1692 et
318 1630 502 1714 Lugdunum
532 1629 651 1708 detulit,
683 1629 793 1714 quibus
826 1630 1042 1715 presbyterium
1072 1629 1209 1714 martyris

105 1731 238 1796 ecclesia
261 1737 453 1796 sustentatur.
498 1732 632 1796 Pullulat
655 1733 776 1798 haeresis
805 1732 1015 1796 Valentiniana
1040 1755 1106 1816 quae
1135 1731 1208 1796 dicit

109 1835 262 1898 Christum
273 1855 327 1918 per
336 1834 462 1898 Mariam
473 1835 557 1918 quasi
571 1856 625 1918 per
634 1835 767 1900 fistulam
776 1836 926 1912 transisse,
940 1842 1042 1898 contra
1053 1835 1108 1898 hos
1118 1835 1208 1918 scrip-

110 1937 153 2000 sit
178 1936 331 2020 apostolus
355 1935 456 2000 dicens
476 1935 589 2000 iactum
605 1958 642 2000 ex
661 1937 786 2000 muliere
812 1937 890 2000 etin
917 1936 1080 2020 evaugelio,
1096 1937 1210 2001 Beatus

106 2044 209 2102 venter
228 2038 279 2121 qui
299 2044 328 2100 te
341 2039 481 2119 portavit,
500 2045 531 2102 et
546 2037 739 2102 Marcionista
754 2039 872 2104 haeresis
884 2045 914 2102 et
930 2039 1084 2122 Apelliana
1097 2037 1206 2103 dicitur

109 2162 177 2224 quae
198 2138 271 2202 dicit
291 2161 384 2204 unum
407 2139 569 2204 Dominum
593 2140 722 2223 justum,
747 2141 874 2205 alterum
900 2138 1026 2218 bonum,
1052 2146 1083 2204 et
1104 2139 1210 2204 Basili-

108 2242 198 2306 diana
222 2264 289 2325 quae
303 2263 424 2326 passum
447 2242 598 2307 Christum
615 2250 716 2328 negat,
732 2243 785 2308 sed
805 2243 894 2307 alium
919 2242 1044 2306 similem
1067 2241 1123 2306 sibi
1138 2264 1208 2327 sup-

108 2345 256 2430 posuisse.

177 2446 440 2512 VMOOGLVIII.
511 2452 700 2514 Aarouruus
741 2469 916 2513 rnrnuavrr
946 2468 1043 2512 murs
1073 2447 1210 2527 xx111;

518 2573 626 2616 ossan
647 2555 802 2616 Asnaum.

157 2653 280 2716 Marcus
295 2652 438 2717 Aurelius
446 2656 631 2732 Antoninus,
647 2656 695 2719 vir
713 2654 923 2732 severissimus,
935 2655 1037 2718 ascivit
1045 2653 1085 2716 ad
1099 2659 1213 2738 partem

108 2754 228 2838 imperii
247 2754 378 2820 Lucium
393 2756 547 2820 Aureliam
563 2757 761 2822 Commodum
781 2758 983 2842 propinquum
1013 2779 1111 2834 suum,
1136 2763 1165 2820 et
1181 2756 1213 2819 hi

110 2855 202 2920 ambo
231 2856 358 2920 Parthos
386 2858 490 2922 vicere.
537 2859 651 2930 Quarta
679 2860 717 2924 iit
745 2860 937 2944 persequutio
966 2859 1211 2924 Christianorum.

111 2959 198 3025 Sedit
209 2958 399 3022 llleutberius
414 2960 505 3045 Papa,
522 2961 576 3045 qui
593 2963 673 3026 misit
686 2962 893 3047 predicatores
908 2963 939 3026 iu
955 2961 1096 3046 Angliam
1111 2960 1214 3025 Dinan

112 3070 144 3126 et
170 3061 274 3145 Fagan
299 3068 389 3146 atque
415 3063 530 3141 Aaron,
556 3072 675 3148 petente
701 3088 771 3150 rege
796 3065 957 3129 Britonum
978 3065 1085 3128 Lucio.
1128 3063 1214 3126 Tune

110 3165 234 3230 limitati
255 3173 327 3229 sunt
348 3173 463 3230 veteres
484 3168 674 3255 episcopatus
697 3168 754 3231 sub
785 3166 1000 3251 metropolibus
1022 3164 1214 3241 Londonum,

111 3267 284 3332 Eboracum
305 3275 335 3331 et
357 3269 514 3347 anrlium,
538 3271 590 3354 qui
609 3293 690 3334 nunc
713 3270 823 3334 dicitur
847 3270 948 3332 Sancti
965 3267 1073 3344 David,
1090 3274 1119 3330 et
1140 3273 1214 3330 tuuc
1312 3347 1315 3354 γ

111 3369 242 3433 lundata
262 3375 309 3432 cst
330 3369 447 3434 abbatia
462 3373 709 3449 Westmonaster,
734 3373 841 3436 ultimo
866 3393 944 3435 anno
974 3369 1137 3443 Antoniui3
1162 3367 1216 3432 sed

114 3472 307 3556 postmodum
330 3473 452 3556 praeiata
473 3475 601 3553 abbatia,
626 3475 679 3539 diu
711 3475 871 3552 destructa,
902 3473 939 3538 ab
970 3471 1117 3536 Eduardo
1146 3493 1216 3556 rege

114 3584 249 3658 reparata
277 3582 322 3639 est
361 3585 392 3640 et
419 3577 560 3643 nobiliter
594 3578 705 3643 dotata.
750 3578 842 3642 Vates
870 3575 990 3660 quidam
1019 3597 1153 3660 paganus
1184 3575 1216 3638 in

115 3677 275 3740 Britannia
298 3677 475 3743 dominicam
497 3681 682 3744 nativitatem
709 3680 893 3764 predixerat,
926 3677 1005 3742 unde
1031 3699 1082 3740 rex
1105 3675 1219 3739 Lucius

116 3778 245 3842 Romam
259 3801 314 3863 pro
329 3781 504 3847 orthodoxa
516 3783 590 3846 lidei
604 3782 776 3846 doctoribus
791 3781 883 3845 misit.
907 3779 1097 3844 Eleutherius
1113 3777 1219 3842 statuit

115 3889 152 3945 ut
181 3880 283 3944 nullus
313 3883 450 3966 repudiet
479 3907 576 3948 escam
605 3883 787 3949 rationalem.
819 3884 905 3949 Soter
944 3904 1020 3966 papa
1051 3879 1155 3945 statuit
1184 3885 1220 3942 ut

117 3985 263 4049 monacha
288 4009 369 4050 sacra
394 4009 455 4052 uon
480 3994 594 4074 tangat,
620 4011 674 4053 nec
698 3990 854 4053 incensum
880 3987 993 4050 alferat.
1040 3985 1124 4049 Passi
1147 3988 1219 4048 suut

117 4087 270 4152 Fortinus‘
293 4087 506 4173 Lugdunensis
536 4093 693 4176 episcopus
721 4099 751 4154 ct
775 4090 956 4155 Valentinus
983 4094 1012 4152 et
1037 4087 1218 4172 Polycarpus
