3042 5134
307 555 325 614 6
683 553 829 616 Renum
874 551 977 615 Nronr

305 726 326 790 J
328 725 379 801 air,
390 726 411 790 J
412 732 489 812 epte,
496 726 602 805 Abesa,
609 728 746 813 Lapidot,
758 728 883 806 Samson,
893 726 952 804 Eli,
963 726 1092 805 Samuel,
1103 726 1155 811 qui
1164 749 1262 810 regem
1273 727 1362 790 unxit

306 829 433 894 Saulem.
479 831 552 894 Post
567 831 660 894 Josue
675 839 742 894 octo
754 832 840 894 anuis
854 830 1019 894 servierunt
1036 829 1158 894 Hebraei
1172 831 1357 914 alienigenis,

306 955 381 1016 quos
397 932 540 998 Othoniel
556 933 699 1011 liberavit,
716 943 746 997 et
761 935 875 1017 primns
897 934 1033 1018 judicum
1047 936 1089 996 40
1105 932 1191 998 annis
1199 933 1355 1018 judicavit.

305 1035 379 1100 Post
394 1036 475 1100 hunc
490 1035 655 1099 servierunt
673 1038 712 1100 18
728 1037 824 1112 annis,
836 1037 887 1120 qui
900 1037 1071 1120 junguntur
1086 1036 1172 1100 anuis
1188 1035 1291 1115 Aioht,
1307 1035 1360 1119 qui

305 1159 355 1200 eos
370 1137 514 1214 liberavit,
531 1145 561 1201 et
580 1138 726 1224 judicavit
742 1141 782 1202 80
801 1140 897 1203 annis.
941 1140 1015 1203 Post
1029 1139 1124 1204 Aioht
1141 1141 1183 1202 20
1199 1139 1284 1203 annia
1299 1160 1360 1202 ser·

304 1241 435 1319 viemnt,
452 1241 546 1305 donec
561 1264 577 1306 a
593 1241 732 1306 Deborab
747 1248 778 1306 et
792 1242 888 1306 Barac
902 1241 1108 1306 liberarentur.

347 1343 420 1407 Fuit
434 1343 577 1408 Othouiel
592 1337 723 1409 detribu
745 1339 766 1407 J
767 1343 868 1420 udah;
891 1345 984 1408 Aiotb
1001 1343 1039 1408 de
1057 1343 1140 1408 tribu
1154 1343 1308 1428 Ephraim,
1324 1357 1357 1408 et

305 1445 462 1525 Deborah;
488 1447 581 1510 Barac
596 1468 664 1511 vero
680 1446 809 1510 detribu
822 1446 986 1530 Neptalim.
1032 1446 1077 1510 Hi
1091 1449 1134 1510 40
1143 1446 1231 1510 annis
1241 1445 1358 1531 judica·

304 1555 421 1612 verunt.
465 1549 540 1612 Post
560 1549 654 1612 Barac
674 1551 839 1613 servierunt
858 1549 944 1612 anuis
961 1552 1002 1628 73
1025 1549 1078 1632 qui
1099 1548 1187 1613 aunis
1211 1548 1357 1613 Gidconis

305 1651 550 1735 coujunguutnr;
589 1651 650 1734 qui,
679 1650 820 1715 liberator
855 1673 967 1729 eorum,
990 1651 1136 1736 judicarit
1174 1654 1217 1714 40
1252 1651 1360 1731 annis3

305 1752 489 1830 Abimeleoh,
505 1753 587 1816 filius
602 1753 756 1832 Gideonis,
771 1753 870 1818 tribus
884 1753 980 1818 annis

349 1853 409 1918 His
424 1853 606 1938 temporibus
622 1854 756 1919 Priamus
771 1855 906 1938 regnavit
920 1863 988 1939 post
1003 1854 1248 1920 Laomedontem.

350 1955 414 2020 Jair
426 1956 572 2040 judicavit
598 1960 638 2020 22
655 1956 760 2036 annis3
784 1963 815 2020 et
837 1965 908 2042 post
931 1957 996 2021 Jair
1019 1956 1185 2021 servierunt
1202 1960 1242 2022 18
1258 1956 1356 2034 annis,

308 2058 361 2142 qui
376 2058 528 2122 adduntur
545 2058 728 2144 temporibus
739 2059 938 2144 posteriorum
949 2059 1095 2143 judicum.
1139 2059 1161 2123 J
1162 2063 1258 2143 epten*
1275 2059 1363 2122 annis

303 2160 468 2246 judicavit,
498 2159 628 2238 Dsebon,
658 2163 674 2226 7
701 2162 787 2224 aunis
798 2188 807 2240 ;
831 2167 862 2224 et
887 2167 957 2244 post
978 2183 1048 2225 euru
1072 2160 1172 2225 Aelorr
1197 2163 1235 2224 10
1262 2161 1363 2225 amris.

307 2262 367 2326 Sed
382 2262 414 2326 hi
430 2262 490 2327 dno
506 2285 567 2326 non
581 2262 729 2328 habentur
743 2264 825 2348 apud
839 2263 927 2328 LXX
942 2263 1128 2347 interpretes.
1172 2264 1248 2328 Post
1261 2263 1361 2328 Aclon

308 2387 377 2429 vero
398 2365 544 2451 judicavit
564 2365 689 2430 Labdon
710 2371 730 2430 8
750 2367 847 2431 annis.
892 2367 934 2431 Et
957 2377 1025 2451 post
1046 2365 1174 2430 Labdon
1196 2367 1362 2432 servierunt

307 2471 349 2532 40
371 2469 477 2548 anuis;
500 2469 561 2553 qui·
574 2468 787 2554 posterioribus
802 2467 987 2553 temporibus
1002 2468 1198 2553 applicantur.
1244 2469 1360 2535 Sansou

307 2574 347 2634 20
372 2572 457 2635 aunis
480 2572 636 2656 judicavit.
683 2572 758 2634 Post
773 2594 843 2636 eum
867 2571 939 2636 Heli
964 2571 1108 2649 sacerdos,
1131 2595 1219 2656 quem
1239 2573 1361 2637 Pineem

307 2674 400 2738 lmese
415 2673 538 2738 tradunt
561 2672 696 2750 Hebraei,
709 2673 856 2756 judicavit
870 2677 913 2738 40
933 2674 982 2738 vel
997 2678 1037 2738 20
1062 2675 1159 2739 annis
1205 2674 1277 2738 Heli
1290 2697 1363 2739 vero

309 2783 438 2855 mortuo,
451 2798 518 2840 arca
532 2776 657 2840 Domini
672 2798 809 2860 possessa
823 2783 869 2841 est
884 2776 921 2841 ab
933 2776 1117 2861 alienigenis,
1130 2777 1224 2840 donec
1239 2785 1368 2861 urgente

308 2878 429 2963 flagello
455 2879 580 2942 Domini
602 2879 787 2944 redderetur.
831 2880 964 2945 Demum
986 2902 1055 2944 vero
1075 2882 1116 2944 20
1141 2881 1227 2945 annis
1248 2880 1307 2945 fuit
1328 2880 1363 2945 iu

311 2982 400 3046 domo
416 2981 595 3045 Aminadab.

353 3084 439 3152 Circa
453 3106 488 3148 ea
501 3090 645 3169 tempora,
660 3086 743 3171 prius
756 3085 909 3170 judicante
922 3085 1050 3149 Laudon
1064 3090 1150 3170 capta
1163 3085 1252 3149 Troia
1266 3092 1297 3148 et
1311 3083 1362 3149 de·

309 3188 379 3265 leta,
395 3187 506 3252 AEneas
521 3209 589 3252 cum
607 3191 646 3252 20
664 3189 790 3254 navibus
804 3189 886 3252 venit
900 3189 932 3252 in
948 3187 1076 3253 ltaliam.
1124 3187 1223 3251 Finito
1239 3186 1360 3250 demum

310 3296 441 3374 tempore
457 3288 610 3368 iudicum,
626 3291 804 3355 succedente
818 3291 964 3369 Samuele,
980 3299 1049 3374 post
1064 3290 1146 3367 Heli,
1163 3289 1200 3353 ab
1213 3290 1362 3353 insolente

310 3392 424 3478 populo
445 3394 576 3478 expetito
599 3415 677 3477 rege,
694 3395 783 3458 unxit
805 3394 925 3459 Samuel
949 3393 1092 3458 Saulem:
1116 3400 1146 3457 et
1162 3415 1362 3476 conregnave-

311 3503 383 3560 runt
408 3498 449 3560 40
477 3496 573 3560 annis
619 3497 835 3561 Praevarioaute
858 3519 928 3561 vero
951 3496 1040 3560 Saule
1061 3496 1094 3559 in
1110 3496 1267 3580 regimine,
1283 3495 1363 3558 idem

312 3598 441 3672 Samuel,
456 3600 596 3663 mandato
611 3600 744 3678 Domini,
761 3601 850 3664 unxit
873 3599 971 3663 David
990 3600 1089 3663 filium
1107 3599 1188 3675 Ysai,
1205 3607 1361 3683 sumptum

310 3725 327 3766 e
351 3702 478 3787 pascuis,
495 3703 546 3787 qui
565 3701 681 3766 obsedit
701 3702 865 3766 Jerusalem
881 3708 911 3765 et
926 3701 1005 3786 cepit
1014 3729 1024 3780 ;
1047 3707 1078 3766 et
1092 3701 1253 3765 aedificavit
1267 3723 1365 3764 arcem

311 3806 391 3889 Syon
402 3831 411 3883 ;
446 3805 600 3890 Abyathar
618 3805 655 3869 de
681 3806 866 3869 successione
894 3804 1029 3868 Itlramar
1051 3827 1186 3868 summus
1210 3805 1362 3870 Pontifex.

309 3907 461 3971 Deluncto
476 3929 547 3972 vero
562 3907 669 3986 David,
685 3907 844 3972 inchoante
861 3907 965 3970 mundi
988 3913 1094 3990 quarta
1108 3913 1205 3986 rotate,
1222 3906 1364 3970 successit

309 4011 337 4074 ei
353 4009 502 4086 Salomon,
518 4009 599 4073 iilius
615 4010 679 4094 ejus
701 4010 947 4096 sapientissimus,
963 4010 1014 4093 qui
1036 4008 1193 4092 Templum
1214 4007 1366 4072 edificavit

310 4117 416 4196 quarto
432 4132 510 4174 auno
525 4111 610 4195 regni
627 4111 682 4190 sui,
700 4109 972 4195 quadragintesimo
993 4109 1125 4174 secundo
1140 4132 1219 4173 anno
1234 4110 1362 4194 egressi-

310 4215 375 4278 onis
402 4213 497 4277 Israel
523 4213 560 4277 de
581 4214 712 4299 Egypto,
737 4213 884 4277 adventus
910 4235 979 4277 vero
1002 4212 1132 4276 Abrahae
1158 4211 1195 4276 de
1221 4211 1305 4295 Syria
1328 4211 1361 4274 iu

309 4319 429 4382 Cauaau
451 4318 545 4395 1120,
561 4339 578 4380 a
596 4323 730 4402 tempore
744 4315 858 4380 Diluvii
877 4318 972 4380 1340,
1015 4314 1273 4400 Prophetaverunt
1292 4313 1360 4378 Gad
