3042 5134
313 449 373 512 144
740 417 887 506 mnam
930 436 1033 504 Nrorn

308 614 412 679 Ticino
426 611 488 678 dno
511 608 621 694 sagoli
636 629 797 693 apparuere
820 606 990 671 incedentes
1005 629 1058 691 per
1072 605 1189 686 urbem,
1204 629 1286 672 unns
1300 606 1408 684 bonus,

309 717 383 780 alter
392 715 499 780 malus.
515 713 615 779 Malus
630 712 717 796 jussu
729 708 799 773 boni
810 730 902 793 quum
913 707 1060 772 venabulo
1069 709 1190 772 domum
1203 710 1334 793 ediquem
1345 731 1409 792 per-
1498 727 1499 754 ³

308 815 458 892 euasisset,
487 820 534 877 tot
567 811 638 876 indo
667 809 866 875 efferebantur
899 810 1017 887 mortui,
1052 811 1251 894 quotiensque
1283 811 1408 875 domum
1498 841 1499 864 r

309 917 509 1001 percussisset.
552 913 621 978 Nec
657 911 782 976 cessavit
819 911 981 974 mortalitas
1020 909 1114 974 donec
1155 909 1289 994 reliquiae
1328 911 1408 976 beati

310 1017 475 1082 Sebastiani
496 1016 568 1080 iiiuc
589 1014 626 1081 ab
651 1013 725 1078 urbe
749 1014 845 1078 Roma
865 1013 1016 1078 translate
1037 1019 1117 1076 sunt.
1174 1013 1244 1078 Hoc
1273 1020 1408 1099 tempore

307 1120 406 1185 iconia
431 1118 589 1184 Sali'atoris
619 1117 652 1181 in
681 1116 804 1180 Bencho
826 1115 873 1178 vel
894 1123 994 1180 vorata
1023 1115 1198 1197 sanguinem
1223 1115 1318 1194 fudit,
1348 1139 1408 1200 quo

309 1221 483 1287 Judaeorum
505 1220 635 1285 infirmis
656 1218 766 1283 sanatis
795 1216 850 1282 sub
881 1216 1017 1282 Deodato
1047 1218 1186 1301 episcopo
1211 1217 1409 1282 Christianati

311 1330 382 1388 sunt
404 1344 507 1387 omnes
528 1323 562 1386 in
583 1321 656 1385 urhe
672 1320 732 1384 illa.
776 1321 833 1384 Est
855 1325 954 1383 autem
976 1318 1079 1384 civitas
1111 1319 1161 1381 illa
1185 1321 1246 1382 150
1269 1319 1407 1384 milliario

310 1449 329 1491 a
350 1426 460 1490 Sidone
484 1423 521 1487 de
544 1423 713 1508 principatu
733 1429 764 1485 et
785 1420 985 1504 patriarchatu
1007 1419 1185 1484 Antiochiae.

353 1526 706 1596 VMDOOCLXXXIX.
760 1526 999 1590 Cousrnnrrnus
1015 1544 1190 1588 rnannavrr
1203 1544 1302 1589 arnus
1319 1529 1372 1604 16,

691 1626 1015 1692 mrusOorrsrnrrrrs.

355 1733 437 1797 Sedit
463 1732 569 1797 Conon
598 1730 751 1795 mensibus
781 1728 898 1802 Xtcinr,
929 1728 1033 1792 diebus
1063 1727 1123 1793 IX.
1182 1727 1244 1792 Hic
1268 1727 1407 1814 deposuit

312 1835 561 1899 Archidiaconum
580 1855 648 1897 eum
670 1833 887 1898 suecessoribus
904 1829 1050 1896 Romanae
1065 1831 1204 1909 ecciesiae,
1221 1854 1317 1915 quum
1340 1840 1409 1898 ante

309 1936 367 1999 hoc
383 1941 501 2019 tempus
515 1935 615 1998 omnia
628 1934 772 1998 exteriora
788 1933 1006 1996 administraret
1020 1932 1266 1996 Archidiaconus.
1328 1934 1412 1999 Sedit

309 2037 431 2122 Sergius
446 2038 537 2122 Syrus
552 2038 604 2121 qui
619 2036 724 2100 statuit
738 2035 797 2099 dici
811 2058 903 2116 opaca
920 2035 980 2098 na
994 2033 1030 2097 ad
1046 2035 1218 2111 missumst
1233 2035 1404 2120 portionem

312 2141 408 2204 crucis
433 2141 550 2224 reperit.
597 2139 774 2204 clodovaeus
796 2137 878 2202 filius
892 2137 1057 2222 Dagoberti
1079 2139 1131 2220 qni
1154 2136 1312 2202 brachium
1325 2137 1406 2202 beati

310 2241 447 2325 Dionysii
470 2242 596 2306 abscidit
614 2249 674 2306 tres
690 2261 871 2306 successores
885 2240 989 2304 habuit
1012 2262 1050 2303 ex
1063 2240 1192 2317 Batilda‚
1208 2241 1406 2320 Clotharium,

310 2341 538 2422 Theodericum,
553 2343 763 2428 chilpericum.
807 2343 931 2406 Mortuo
946 2341 1076 2406 Olotario
1091 2343 1232 2406 successit
1247 2343 1411 2408 Theodori-

310 2465 373 2522 ana,
397 2443 448 2508 sed
480 2467 516 2508 eo
546 2445 633 2529 pulso
666 2467 683 2509 a
716 2466 809 2528 regno
846 2443 1016 2508 Hebroinus
1047 2443 1204 2527 praefectus
1236 2445 1342 2530 palatii
1377 2446 1406 2508 in

311 2545 489 2609 monasterio
498 2546 635 2609 Luxovio
651 2552 697 2610 est
711 2554 856 2610 retrusus.
880 2545 1063 2628 Chilpericns
1077 2567 1129 2609 rex
1143 2546 1239 2610 factus
1255 2569 1272 2609 a
1287 2545 1407 2611 Bobino

312 2669 401 2733 quem
415 2647 489 2710 caedi
504 2646 540 2710 ad
556 2647 686 2730 stipitem
699 2646 798 2731 jussit,
824 2645 978 2711 occiditur.
1023 2646 1190 2711 Revocatur
1204 2647 1406 2712 Theodoricus

312 2756 343 2813 et
372 2747 544 2812 Hebroinus
578 2748 629 2830 qui
665 2748 823 2812 consilinm
857 2770 873 2811 a
910 2746 997 2811 heato
1033 2746 1181 2812 Andoeno
1214 2747 1341 2812 audiens
1373 2748 1409 2812 de

312 2848 503 2932 Fridegunda
524 2848 580 2911 tibi
601 2848 767 2926 subveniat,
791 2871 892 2913 omnes
913 2849 1099 2914 insidiatores
1122 2872 1203 2928 suos,
1233 2855 1264 2913 et
1285 2849 1408 2914 beatum

311 2951 518 3034 Leodegarum
538 2949 705 3014 Eduensem
726 2952 897 3036 episcopum
918 2947 1036 3028 occidit,
1061 2958 1092 3015 et
1113 2952 1259 3016 Gerinum
1287 2951 1410 3016 fratrem

312 3054 376 3138 ejus
399 3053 463 3116 dira
485 3058 579 3116 morte
593 3051 754 3117 damnavit.
786 3053 855 3117 Quo
870 3053 907 3116 ab
924 3050 1141 3117 Hermefrando
1163 3053 1260 3117 occiso
1277 3052 1411 3138 Pepinus

313 3155 430 3220 vetulus
455 3161 600 3240 cognatus
619 3153 746 3217 Martini
766 3153 897 3237 praefecti
914 3153 997 3237 prius
1017 3154 1054 3218 ab
1087 3153 1241 3218 Hebroino
1275 3152 1413 3236 fugatus,

313 3255 370 3320 sub
391 3256 511 3340 reptos
539 3255 677 3338 regnavit
702 3253 735 3317 in
765 3254 880 3333 Gothis,
910 3255 962 3338 qni
990 3255 1118 3339 Pipinus
1146 3255 1251 3338 genuit
1281 3253 1411 3319 Karlum

314 3357 422 3422 Martel
437 3380 473 3421 ex
487 3356 662 3421 concubina.

356 3458 561 3522 VMDOOOO.
605 3457 627 3520 J
628 3475 818 3522 osmnranus
833 3477 1006 3522 rnennavrr
1020 3477 1116 3522 annis
1131 3456 1172 3521 X.

357 3558 469 3623 Arabes
498 3555 630 3623 Africam
658 3559 810 3624 infestant
856 3560 876 3623 J
880 3561 1045 3624 ustinianus
1074 3561 1235 3645 imperator
1263 3559 1412 3644 relegatur

313 3663 450 3726 cersonae
465 3684 483 3724 a
496 3661 623 3725 Leontio
632 3661 772 3725 Patricio.
789 3662 861 3726 Post
874 3685 961 3746 quem
970 3662 1124 3747 imperavit
1138 3662 1302 3726 Leonticus
1316 3662 1413 3727 tribus

313 3765 417 3842 annis;
435 3769 502 3848 post
517 3786 552 3827 ea
570 3763 718 3847 relegatus
731 3763 763 3826 in
779 3764 908 3828 exitium.
947 3764 1020 3827 Post
1035 3786 1124 3847 quem
1138 3763 1273 3827 'tiberius
1287 3763 1413 3847 impera·

313 3868 357 3930 vit
371 3867 438 3930 VII
453 3865 548 3931 annis.
570 3865 644 3928 Post·
653 3887 740 3950 quem
756 3864 777 3927 J
779 3866 948 3931 lastinianus
961 3873 1115 3930 revocatus
1131 3864 1168 3930 ab
1182 3865 1271 3929 exilio
1286 3865 1411 3950 impera-

314 3968 359 4031 vit
372 3967 420 4029 VI
435 3968 529 4033 annis.

358 4071 643 4138 VMDCOOCXVI.
681 4070 755 4135 Post
777 4092 874 4154 quem*
889 4071 1073 4156 Philippicas
1087 4069 1244 4154 imperavit
1258 4069 1410 4134 mensibus
