3042 5134
298 393 357 456 150
704 387 853 452 uanum
881 385 985 450 Nrorn

293 564 471 648 exigeretur.
505 557 570 622 Iste
583 557 756 622 electionem
774 556 881 622 summi
898 555 1049 640 pontificis
1060 555 1207 619 noncessit
1218 555 1403 640 imperatori.

437 693 738 760 vmoooocoxss.
787 693 856 758 Luc
879 711 1054 756 mesenum
1075 712 1170 756 aunis
1192 691 1251 755 VI.

338 817 439 879 Aaron
467 815 533 879 Rex
553 813 711 877 Persarum
731 813 812 877 misit
836 809 941 877 Carofo
956 809 1147 895 horologium
1169 833 1205 875 ex
1227 805 1402 875 aurichalco
1501 807 1502 844 ³

294 924 357 983 arte
369 917 536 981 rnecbanica
545 917 753 1000 compositum,
763 915 795 979 in
805 938 864 1000 quo
880 910 947 978 XII
958 913 1098 978 horarum
1114 935 1218 977 cursus
1233 911 1271 977 ad
1284 913 1403 997 clepsy-

295 1019 380 1084 dram
395 1018 598 1098 vertebantur,
619 1040 688 1082 cum
708 1017 837 1082 totidem
855 1017 934 1081 aeriis
954 1016 1078 1102 pallulis
1093 1039 1160 1100 quae
1183 1015 1221 1080 ad
1245 1013 1406 1099 completi·
1501 1089 1502 1110 Χ

295 1144 383 1186 ouem
404 1120 543 1185 horarum
558 1117 742 1196 decidebant,
764 1127 794 1184 et
810 1141 878 1182 casu
895 1139 949 1181 suo
973 1115 1139 1202 subjectum
1158 1115 1215 1180 sibi
1230 1116 1404 1201 cymbalum
1501 1111 1502 1168 l

296 1223 407 1286 tinnire
415 1221 584 1299 faciebant;
626 1219 734 1286 additis
748 1219 781 1284 in
793 1242 828 1284 eo
843 1218 968 1283 totidem
980 1217 1129 1302 equitibus
1143 1219 1194 1302 qni
1208 1239 1262 1302 per
1274 1217 1404 1281 totidem

297 1323 449 1402 fenestras,
476 1323 556 1386 horis
572 1321 706 1406 expletis,
729 1321 858 1394 exibant,
874 1328 905 1384 et
926 1319 1058 1406 impulsu
1076 1321 1252 1406 egressionis
1274 1318 1404 1384 totidem

294 1426 437 1491 fenestrae
446 1423 624 1510 aperiebant.
639 1421 763 1489 Carolus
772 1423 850 1488 circa
863 1446 1005 1508 pauperes
1018 1423 1235 1487 sustentandos
1245 1421 1403 1486 devotissi-
1501 1491 1502 1506 χ

297 1548 365 1590 mus
394 1548 455 1590 non
478 1525 577 1590 solnm
603 1525 635 1588 in
658 1526 754 1609 patria
783 1525 835 1588 sed
864 1525 955 1588 enam
969 1525 1001 1588 in
1018 1525 1109 1608 Syria,
1130 1521 1260 1609 Egypto,
1286 1524 1401 1602 Africa,
1501 1513 1502 1520 ἵ

302 1627 498 1708 ierosolimis,
527 1628 715 1707 Alexandria,
742 1628 927 1714 Cartbagine
941 1629 1097 1713 pecuniam
1112 1629 1259 1693 mittebat.
1292 1629 1402 1693 Ultimi
1501 1689 1502 1720 ,

296 1731 443 1795 adventus
458 1731 523 1815 ejus
540 1731 665 1796 Romam
680 1730 739 1795 fnit
754 1754 843 1796 causa
859 1729 939 1814 quod
950 1729 1101 1796 Paschalis
1111 1731 1296 1816 primicerius
1308 1731 1404 1796 Leoni
1501 1733 1502 1764 ³

297 1831 388 1914 Papae
407 1829 511 1916 lingua
533 1839 685 1912 amputata
711 1831 814 1897 oculos
838 1833 923 1897 eruit.
965 1831 1023 1896 Sed
1052 1833 1136 1896 Deus
1166 1833 1264 1896 visum
1306 1833 1398 1918 Papae

298 1931 437 1997 reddidit.
471 1931 543 2008 Quo
558 1939 691 2019 tempore
706 1932 832 2000 Carolus
845 1932 1029 2018 imperatoris
1044 1941 1074 1998 et
1089 1935 1223 2019 Augusti
1239 1931 1273 1998 in
1289 1935 1402 2018 templo

297 2031 379 2098 beati
403 2035 487 2098 Petri
507 2057 616 2099 nomen
646 2036 770 2120 accepit,
797 2058 889 2120 quum
915 2042 984 2099 ante
1007 2032 1154 2100 Patricius
1188 2033 1349 2112 diceretur,
1371 2042 1401 2098 et

298 2135 494 2201 acclamatum
507 2144 553 2201 est
574 2135 612 2200 ab
633 2138 713 2201 omni
739 2140 861 2222 populo,
885 2135 1027 2222 “Magno
1042 2145 1072 2201 et
1087 2135 1215 2222 pacifico
1228 2136 1402 2222 imperatori

296 2235 359 2302 rita
372 2243 402 2302 et
417 2237 540 2303 victoria
550 2238 558 2302 l
567 2234 589 2267 ’'
625 2237 724 2303 (flaret
744 2237 850 2303 beatus
864 2239 990 2324 Egidius
1009 2239 1057 2302 cui
1072 2238 1216 2303 divinitus
1231 2237 1397 2304 revelatum
1501 2265 1502 2340 }

297 2343 345 2402 est
357 2343 511 2422 peccatum
526 2335 623 2404 Caroli
636 2339 718 2424 quod
732 2346 835 2404 sancto
851 2339 987 2404 confiteri
1002 2339 1168 2406 erubuerat.

342 2473 671 2540 VMDOOOCLXXX.
715 2476 953 2542 consumamus
975 2477 1400 2556 1urunav1rXanms,oou

710 2595 828 2660 Mirm
845 2596 987 2662 Eraanu.

360 2709 419 2774 His
448 2712 758 2797 Arcbiepiscopatibns
788 2715 909 2800 praefuit
937 2715 1087 2780 Dominus
1117 2713 1252 2792 Carolus
1285 2715 1398 2794 Romae,

302 2810 693 2891 ravennatorum
720 2816 1201 2896 Juliani‚Medi01an0‚coloniae,
1227 2819 1397 2903 mannan,

301 2912 456 2996 Aquileiae,
472 2911 641 2999 Saltburgo,
656 2917 785 2994 Treveri,
798 2919 919 2996 Senoni,
936 2919 1091 2997 Verontio,
1108 2918 1270 3003 Lugduno,
1282 2919 1399 2983 Burde·
1501 2905 1502 2922 ¹

299 3013 385 3096 galae,
401 3013 553 3094 Biturica,
569 3017 769 3103 Rotbomago,
786 3019 882 3096 Remi,
899 3020 1036 3096 Arelatoe,
1054 3019 1189 3097 Viennae,
1205 3019 1399 3102 Tarentesiae,

299 3113 472 3195 Ebreduno,
489 3117 633 3197 I'huroni,
656 3121 846 3204 Aquisgrani,
868 3123 945 3198 on,
969 3120 1131 3198 Narbonae,
1159 3122 1228 3186 Aix.
1274 3123 1398 3188 Oarolns

301 3219 463 3304 unicuique
496 3219 607 3285 XXVI
628 3222 853 3306 episcopatuum
884 3225 935 3308 qui
964 3224 1021 3288 sub
1039 3225 1107 3308 jure
1141 3225 1205 3309 ejus
1238 3235 1335 3304 erant,
1370 3234 1400 3290 et

301 3320 463 3404 unicuique
484 3321 740 3406 suffraganeorum
764 3347 886 3389 suorum
908 3325 1064 3410 pecuniam
1094 3325 1217 3408 legavit.
1280 3325 1399 3392 Habuit

300 3427 362 3484 tres
397 3421 514 3486 tabulas
549 3431 711 3508 argenteas,
745 3436 776 3490 ct
810 3449 901 3492 unam
937 3449 1066 3492 auream.
1124 3428 1255 3492 Tertiam
1283 3435 1400 3514 partem

301 3522 495 3605 pecuniarum
514 3525 662 3608 integrum
683 3527 810 3592 servavit
832 3527 987 3592 infirmans
1008 3529 1043 3592 ad
1070 3549 1158 3592 usum
1181 3531 1398 3612 quotidianum,

300 3644 337 3686 ac
370 3629 447 3706 post,
469 3624 534 3708 ipso
552 3625 687 3710 iubente,
709 3629 774 3713 ipsa
795 3631 883 3694 tertia
910 3651 976 3714 pars
1005 3630 1038 3692 in
1067 3635 1196 3713 quatuor
1225 3631 1318 3694 saissa
1346 3641 1398 3696 cst

301 3723 403 3788 Prima
435 3747 503 3810 pars
535 3727 635 3792 addita
671 3738 717 3794 est
749 3733 903 3816 superiori,
941 3730 1071 3796 secunda
1105 3729 1176 3794 filiis
1199 3738 1237 3795 et
1267 3733 1399 3813 filiabus,

301 3825 391 3890 tertia
403 3826 593 3912 pauperibus,
610 3838 715 3914 quarta
728 3832 934 3897 servientibus.
993 3832 1129 3896 Decmsit
1144 3831 1173 3892 V
1188 3831 1257 3898 Kal.
1285 3833 1399 3900 Febru-
1501 3819 1502 3822 Ἴ

299 3927 356 3990 arii
382 3949 460 3993 anno
477 3928 547 3994 vitae
567 3954 630 3995 suae
651 3933 808 4013 LXXIIo,
831 3955 923 4018 quum
945 3935 977 3997 in
1003 3933 1109 3997 Galliis
1136 3943 1288 4017 regnasset
1315 3939 1400 4002 annis

303 4027 419 4107 XLVI,
436 4031 475 4094 ,in
501 4031 590 4096 Italia
611 4033 800 4113 XXXVIII,
844 4037 1010 4120 Imperator
1031 4041 1060 4099 et
1082 4034 1238 4113 Patricius,
1262 4059 1344 4103 anuo
1364 4039 1399 4104 ab
