3042 5134
525 499 714 566 Ounomcon
732 500 779 565 11.
1186 498 1246 561 191

150 663 283 748 produci.
317 668 375 733 Cui
394 668 488 734 iertur
504 692 582 756 papa
601 669 732 755 vigilius
746 669 866 746 dixisse,
894 668 968 732 “Ut
990 667 1086 746 video,
1108 689 1171 732 nou
1199 689 1247 732 me

147 765 280 833 fecerunt
295 770 333 835 ad
347 794 378 836 se
399 774 497 838 venire
514 774 534 838 J
537 774 702 840 ustinianus
724 782 755 838 et
777 773 952 851 Theodosia,
983 771 1035 838 sed
1049 771 1259 836 Dioclisianus.

148 876 180 933 et
213 871 412 939 Eleutheria·’'
489 877 583 942 Porro
631 877 736 943 Romae
771 899 826 962 pro
861 875 974 962 vigilio
1014 876 1167 941 ordinatus
1202 883 1250 940 est

149 993 225 1057 papa
244 975 383 1061 Pelagius
406 978 589 1044 LXXIIIus
610 981 768 1066 epiecopus
778 1008 788 1060 ;
805 981 857 1066 qni
876 980 953 1045 rexit
974 979 1125 1045 eeclesiam
1165 978 1250 1043 annis

150 1083 286 1172 quatuor,
333 1079 484 1145 mensibus
520 1082 560 1161 X,
608 1083 714 1149 diebus
765 1083 835 1150 XV.
903 1083 1023 1149 Interea
1058 1083 1248 1148 Justiuianus

149 1175 223 1241 dum
264 1203 365 1245 aurem
401 1184 497 1249 cordis
533 1209 552 1250 a
587 1187 736 1251 mandatis
778 1187 886 1252 divinis
921 1187 1037 1268 avertit,
1071 1188 1155 1272 justo
1187 1187 1247 1252 Dei

144 1279 259 1362 judicio
271 1284 429 1350 amentiam
441 1287 574 1367 incurrit,
585 1289 769 1375 decessitque
778 1312 857 1356 anno
871 1289 986 1373 imperii
994 1291 1041 1355 sui
1050 1289 1248 1354 XXXVIIIo

148 1388 180 1444 et
200 1405 301 1448 mense
315 1386 410 1451 VIIo·
457 1390 557 1476 Hujus
579 1393 762 1477 temporibus
784 1393 951 1458 floruerunt
971 1391 1173 1470 Cassiodorus,
1196 1393 1250 1476 qui

148 1483 287 1567 primitus
316 1491 430 1568 consul,
461 1491 567 1558 deinde
587 1495 677 1574 salva,
707 1497 745 1560 ad
774 1501 957 1580 postremum
987 1517 1055 1559 vero
1085 1495 1248 1559 monachus

150 1587 262 1652 extitit.
298 1590 454 1657 Dionisius
474 1594 550 1660 abba
570 1597 602 1663 in
623 1597 697 1664 urbe
711 1600 817 1678 Roma,
841 1599 893 1684 qui
914 1599 1087 1666 Paschalem
1101 1599 1248 1664 calculum

150 1688 286 1754 miranda
298 1697 553 1777 argumentatione
567 1702 744 1785 composuit
789 1701 958 1766 Priscianus
966 1701 1177 1786 grammaticus
1192 1701 1249 1766 hoc

149 1795 285 1877 tempore
300 1795 400 1862 extitit
414 1807 444 1864 et
459 1803 565 1867 Arator
578 1811 666 1888 poeta
679 1812 710 1869 et
724 1811 845 1870 sanctus
859 1805 1040 1871 Benedictus
1050 1802 1150 1868 abbas.

613 2124 786 2140 m
