3042 5134
474 489 664 556 Gnaonrcou
707 491 755 558 II.
1122 495 1184 560 139

80 664 241 730 Dumtano
262 664 363 729 iconia
375 664 502 749 loquuta
523 671 579 744 est,
594 672 626 730 et
642 665 820 732 miraculum
837 665 875 732 de
889 665 973 734 nabe
996 666 1076 754 apud
1090 667 1184 736 Calne

80 767 284 831 tumefactum
301 773 357 832 est.

331 868 541 932 Jusrnrmuus
563 887 736 932 mnarum
760 889 861 936 anuis
881 877 934 936 39.

124 967 299 1052 Sigebertus
309 968 453 1033 Olotharii
465 968 547 1031 iilius
561 967 784 1032 Brunichildem
798 971 893 1036 filiam
910 969 1074 1036 Athanaldi
1085 971 1180 1039 Gothi

73 1070 153 1152 regia
168 1070 372 1153 Hispanorum
386 1069 482 1145 duait,
503 1075 535 1132 et
555 1067 740 1151 Ohilpericus
758 1070 850 1134 irater
871 1073 935 1156 ejus
955 1093 1087 1138 sororem
1108 1073 1172 1158 ejus

78 1169 284 1246 Galsinneam,
297 1191 385 1252 qnam
398 1175 466 1252 post
487 1168 609 1232 hortatu
631 1168 833 1252 Fridegundae.
847 1171 1029 1256 suggillavit
1072 1172 1178 1258 Liquit

80 1291 201 1353 quoqne
227 1269 428 1334 Audomeram
456 1268 495 1332 de
522 1290 582 1351 qna
610 1267 715 1332 habuit
746 1269 944 1350 Clodoreum,
966 1271 1181 1350 Teodbertnm,

79 1371 280 1446 Meroretum,
288 1376 319 1433 et
329 1369 417 1432 duxit
426 1367 656 1452 Irideguodem,
668 1371 754 1454 eujus
765 1370 894 1436 factione
903 1373 1018 1438 rediens
1030 1380 1179 1452 arenata,

77 1473 148 1555 qnia
161 1471 305 1555 oompmit
327 1492 393 1534 eam
413 1491 483 1534 eum
503 1469 653 1535 Lanlredo
672 1471 858 1552 fornicatam,
877 1482 1019 1561 exceptus
1039 1473 1077 1538 ab
1098 1496 1176 1561 equo

76 1572 197 1637 dnobus
216 1572 322 1636 cultris
340 1571 507 1656 perimitur.
549 1572 628 1655 Ejus
645 1571 727 1636 iilius
747 1573 916 1640 Olodoreus
936 1576 1048 1640 invasit
1066 1582 1176 1642 terram.

77 1673 236 1758 Sigeberti,
252 1680 283 1737 et
299 1673 337 1737 iit
353 1674 447 1756 major
463 1673 654 1756 persequutio
675 1695 763 1756 quam
787 1680 919 1758 tempore
940 1675 1124 1744 Diocletiani
1144 1685 1176 1746 et

74 1774 249 1839 iustiniani.
292 1773 392 1838 Claret
405 1780 525 1838 sanctus
540 1773 703 1857 Gregorius
721 1775 971 1862 Archiepiscopns
991 1775 1173 1844 Inmncnsis

77 1875 345 1960 namingrsphus.
389 1875 454 1938 Iste
463 1874 728 1958 daturmpusillns
741 1875 919 1940 mirantibus
928 1877 1045 1942 cunone
1052 1899 1129 1964 papa
1139 1899 1173 1943 .s.

72 1976 156 2061 qood
182 1998 238 2060 pro
258 1976 403 2060 parvitate
425 1975 600 2059 praesulatus
625 1982 691 2053 θεὶς
715 1975 767 2053 ait,
796 1981 817 2013 ‘⁶
829 1977 910 2042 Dens
936 1978 1001 2060 ipae
1026 1978 1097 2044 iecit
1115 2000 1175 2044 nos

74 2084 105 2142 et
134 2099 199 2142 non
226 2076 284 2160 ipsi
317 2075 404 2140 nos.'’
448 2075 635 2159 Chilpericns
668 2075 893 2141 Brunichildem
924 2077 1113 2162 Rothomago
1143 2088 1175 2144 et

73 2179 154 2244 lilios
168 2177 323 2242 Meleduni
337 2177 429 2242 mosit
439 2177 472 2241 in
487 2199 642 2254 carcerem,
657 2184 688 2241 et
702 2177 889 2242 Merovetum
903 2177 941 2242 ab
956 2201 990 2244 ea
1004 2185 1172 2264 separatum

68 2280 170 2345 liliam
189 2302 279 2344 sunm
297 2280 416 2345 occidit.
461 2280 574 2344 Beatus
592 2278 752 2342 Ursicinus
772 2279 884 2344 ritibus
905 2285 1002 2344 tectus
1026 2303 1045 2344 a
1066 2287 1169 2346 sancto

71 2384 223 2448 Gmmano
240 2383 395 2448 Parisiensi
410 2382 547 2466 episcopo
569 2388 704 2466 repertus
725 2381 758 2444 in
780 2379 932 2446 ecclesiam
952 2381 1168 2448 Bituricenscm

70 2483 257 2551 tmnaiertnr.
302 2484 388 2548 Obiit
401 2483 481 2548 idem
495 2484 672 2548 Germanus.

112 2585 215 2651 Olaret
244 2591 365 2650 sanetus
400 2585 619 2669 Austregisilns
651 2584 845 2650 Binarioenois
874 2585 1040 2670 episeopus.
1085 2585 1169 2650 Sedit

63 2690 207 2774 Pelagius
221 2689 257 2752 II
271 2689 367 2766 annis,
382 2687 413 2749 V
427 2687 588 2764 mensibus,
604 2686 708 2752 diebos
731 2686 773 2764 X,
788 2686 847 2776 LX
862 2687 983 2771 quintus
998 2709 1084 2772 papa.

168 2789 447 2856 VMDOCLXXX.
470 2788 624 2852 Jusrnrns
638 2807 924 2852 1rrrnaavrranrr1s
943 2787 1040 2854 XIII.

108 2891 262 2968 Armenia,
283 2891 392 2974 inqua
403 2896 449 2954 est
462 2889 638 2954 Catholicon
651 2888 764 2953 habens
784 2892 846 2952 400
867 2888 923 2952 sub
943 2910 975 2952 se
993 2888 1163 2972 Archiepis·

61 3014 166 3080 copon,
182 2992 219 3057 ad
232 2992 325 3056 fidem
338 2991 530 3056 convertitur.
564 2989 808 3054 HicCatholicon
819 3009 933 3072 semper
944 2988 1051 3054 stando
1061 2989 1165 3054 dextra

62 3119 147 3184 genu
160 3095 292 3178 atting't,
307 3115 363 3157 nec
376 3093 451 3156 alter
463 3091 568 3156 similis
579 3091 724 3175 reperitur
736 3089 794 3153 snb
803 3089 874 3164 sole,
889 3097 919 3152 et
932 3087 1022 3152 habet
1037 3088 1093 3152 sub
1108 3111 1164 3153 sna

61 3202 213 3284 potestate
226 3197 290 3259 400
306 3192 586 3278 Arclriepiscopos.*

100 3399 117 3429 ⁸
136 3396 171 3448 ln
183 3395 228 3447 the
240 3393 343 3464 margin
355 3395 387 3447 of
396 3394 440 3446 the
453 3394 513 3446 MS.
524 3392 625 3445 iswhat
636 3391 753 3444 follows:

97 3486 115 3511 ‘⁸
126 3479 160 3532 In
172 3478 302 3532 Armenia
313 3478 413 3530 minore
422 3485 462 3530 est
473 3477 608 3547 quoddam
617 3475 754 3528 castellum
763 3474 970 3544 inexpugnabile
980 3473 1051 3544 quod
1061 3473 1157 3528 dicitur

61 3563 224 3626 Horoncala,
249 3571 276 3615 et
299 3562 380 3614 situm
404 3570 445 3613 est
470 3578 549 3631 snper
573 3559 735 3631 Euphraten.
774 3559 806 3612 ln
835 3559 888 3611 hoc
918 3558 1027 3611 castello
1054 3558 1157 3611 habitat

55 3648 211 3702 catholicus
223 3647 270 3717 qui
281 3655 321 3700 est
333 3646 409 3717 quasi
424 3646 495 3717 Papa
502 3645 639 3715 utriusque
650 3645 794 3708 Armeniae,
810 3661 870 3713 quae
884 3643 1038 3696 Christianis
1046 3643 1150 3712 legibus

55 3741 124 3787 aunt
135 3733 278 3802 insignitae,
293 3739 319 3784 et
330 3732 411 3784 habet
423 3731 472 3784 snb
484 3749 512 3783 se
520 3730 606 3781 CCCC
618 3729 840 3798 Archiepiscopos
848 3737 927 3798 atque
936 3727 1008 3780 mille
1017 3728 1156 3798 episcopos

55 3828 87 3872 et
103 3818 198 3871 CCtos.
234 3817 335 3869 Omnes
353 3817 424 3868 enim
442 3816 559 3886 episcopi
578 3816 659 3868 totius
678 3815 751 3867 Asiae
770 3815 795 3866 ei
812 3813 924 3884 subjecti
947 3822 1017 3876 aunt,
1042 3821 1153 3882 excepto

52 3903 209 3975 patriarcha
218 3902 390 3955 Antiocheno
403 3909 429 3953 et
446 3901 660 3954 Jerosolimitano
675 3908 702 3952 et
719 3917 811 3952 eorum
827 3897 1012 3967 suffraganeis.
1040 3892 1153 3949 ¹Primus

53 3988 217 4051 catholicus,
242 3986 317 4056 qnasi
335 3987 377 4038 vir
393 3985 541 4056 giganteus.
561 3985 672 4040 dextera
691 4001 773 4036 manu
792 3990 864 4036 stans
883 3989 984 4035 erectus
1001 3997 1090 4051 genua
1107 3997 1155 4034 sua

53 4073 187 4144 ‘angebat
225 4073 285 4131 Quo
297 4071 424 4125 defuneto
436 4071 471 4124 de
481 4071 538 4140 ejus
549 4088 648 4139 genere
660 4069 754 4124 habuit
767 4083 953 4132 successorem,
973 4065 1044 4136 quod
1063 4082 1149 4142 usgue
