3042 5134
323 465 382 526 126
751 455 897 519 Rauourr
943 451 1044 518 Nrsru

315 633 441 698 nimium
452 628 668 713 territussigno
683 625 781 690 crucis
793 647 843 688 eos
859 623 982 709 fugavit.
1031 623 1096 699 Qui
1113 625 1304 710 postmodum
1321 626 1420 710 nigro·

317 736 437 800 mantiae
460 731 589 808 deditus,
614 739 645 794 et
666 735 801 814 apostate
821 726 918 791 metus
940 727 1024 791 istud
1045 727 1165 810 signum
1188 729 1321 792 maxime
1349 728 1416 790 odio

316 835 422 902 habuit
437 835 507 920 quia
521 831 632 897 sciebat
647 831 704 894 hoc
715 831 802 914 signo
817 829 966 892 daemones
979 851 1066 914 posse
1087 829 1194 912 fugari.
1227 831 1306 894 Item
1326 851 1419 914 quum

318 939 482 1005 monachus
495 944 574 1000 esset
591 943 623 1000 et
636 933 735 999 fidelis
749 939 913 1017 putaretur,
930 931 1068 1015 quaedam
1082 932 1188 996 mulier
1203 933 1422 996 commendans

319 1044 348 1108 ei
361 1049 423 1106 tres
437 1039 637 1124 ollasplenas,
653 1036 749 1100 sedin
773 1033 930 1118 superficie
952 1034 1050 1098 cinere
1071 1055 1226 1118 respersas,
1245 1035 1374 1098 muliere
1396 1035 1422 1098 ei
1504 1031 1505 1034 ’

316 1167 376 1210 nou
392 1143 543 1208 indicente
558 1139 631 1225 quid
644 1139 678 1203 in
691 1138 758 1202 ollis
774 1137 831 1202 sub
846 1137 944 1201 cinere
955 1137 1172 1214 reconderetur,
1188 1159 1348 1221 quumque
1371 1137 1421 1200 ille

317 1245 506 1332 postmodum
534 1264 640 1308 eurum
659 1242 809 1306 furaretur
831 1247 861 1303 et
881 1240 953 1304 ollas
974 1239 1070 1303 cinere
1091 1238 1226 1324 repleret,
1243 1239 1421 1323 mulierique

317 1373 366 1415 eas
385 1349 555 1435 reposcenti
582 1346 751 1412 tradidisset
761 1371 771 1424 3
786 1344 837 1408 illa
857 1367 962 1408 aurum
985 1345 1127 1408 amissum
1147 1366 1165 1407 a
1187 1343 1207 1406 J
1211 1343 1314 1407 uliano
1335 1366 1417 1428 repo-

317 1453 384 1518 scit.
430 1452 502 1516 Quo
528 1450 693 1534 abnegante
714 1447 877 1511 indicatum
901 1453 946 1510 est
974 1446 1059 1510 illum
1090 1468 1152 1510 nou
1181 1446 1289 1510 debere
1312 1468 1418 1510 aurum

320 1553 496 1640 persolvere,
512 1553 580 1636 quia
596 1550 703 1615 mulier
717 1549 755 1613 de
769 1571 842 1612 auro
856 1549 887 1612 in
903 1548 1158 1612 commendatione
1174 1549 1336 1632 tacuerat]

364 1656 449 1720 Pessi
464 1661 536 1718 surrt
549 1655 570 1717 J
572 1653 706 1717 ohannes
720 1659 748 1716 et
761 1651 883 1730 Paulus,
896 1651 1035 1716 Donatus
1047 1651 1203 1738 episcopus
1218 1659 1249 1715 et
1264 1652 1423 1723 Quiriacus

319 1757 415 1822 crocis
438 1757 584 1833 inventor,
607 1754 777 1819 Gordianus
798 1761 828 1818 et
849 1753 1040 1838 Epimachus
1086 1748 1263 1838 Sepulcrum
1277 1755 1423 1841 Baptista

321 1858 484 1923 invaditur.
531 1857 670 1922 Julianus
691 1855 730 1920 ob
752 1856 854 1921 odium
883 1855 994 1920 Christi
1018 1855 1101 1920 dedit
1130 1856 1245 1920 ludaeis
1267 1857 1419 1924 licentiam

319 1959 499 2045 repatriandi
518 1965 550 2022 et
570 1957 714 2043 templum
749 1957 951 2036 construendi,
975 1958 1027 2022 sed
1050 1957 1151 2022 divino
1176 1965 1290 2022 terrore
1320 1961 1421 2024 statim

321 2061 449 2148 perculsi
464 2061 584 2146 quidam
598 2083 699 2125 eorum
715 2059 913 2138 crediderunt,
929 2061 1049 2144 quidam
1065 2082 1134 2125 vero
1149 2060 1350 2145 diffugerunt.
1396 2067 1422 2127 A

317 2164 431 2229 bobino
441 2164 492 2228 ilia
506 2162 648 2228 Julianus
663 2169 752 2227 conto
763 2162 910 2246 perfossus
924 2163 1050 2226 moriens
1061 2163 1103 2226 ait
1124 2168 1145 2198 “
1154 2161 1272 2240 Vicisti,
1291 2163 1422 2241 Galilaee,

317 2269 427 2333 vicisti.
439 2267 461 2296 ''
512 2267 608 2331 Aliter
622 2266 750 2330 Basilius
766 2266 864 2344 relcrt,
881 2266 965 2330 aliter
979 2272 1009 2330 et
1023 2266 1099 2330 tides
1114 2266 1254 2331 ecelesiae.
1279 2267 1420 2332 Julianus

318 2369 425 2435 diebus
448 2369 616 2454 theologiae,
639 2376 732 2432 noctu
756 2368 880 2433 vacabat
900 2370 1078 2452 nigromant'
1108 2417 1115 2432 .
1161 2369 1208 2432 De
1226 2370 1293 2453 ejus
1316 2371 1422 2435 tumba

317 2472 579 2555 Constantinopoli
604 2471 701 2536 adhuc
721 2471 810 2534 loetor
827 2471 921 2534 mirus
946 2470 1087 2555 procedit.
1134 2470 1335 2536 Celeberrima
1350 2481 1419 2537 sunt

318 2577 392 2639 mira
406 2575 443 2637 de
457 2573 534 2650 ollis,
549 2574 700 2637 deotatus
715 2574 831 2650 Martis,
850 2572 887 2636 de
902 2595 1009 2638 corona
1023 2573 1142 2651 florum,
1165 2573 1203 2637 de
1219 2573 1417 2638 damonibus.

361 2676 524 2740 VMDLX.
559 2676 581 2739 J
582 2696 720 2740 ouranos
735 2697 912 2740 rnrnnuvrr
927 2696 1025 2740 unnrs
1040 2675 1087 2754 11,
1101 2696 1201 2740 nenos
1215 2676 1420 2741 Consanurrr.

293 2846 296 2849 ,
364 2781 543 2846 Jovinianus
563 2782 607 2844 vir
627 2781 713 2845 tortis
734 2786 766 2844 et
795 2780 890 2844 clarus
920 2780 1101 2844 millenarius
1130 2781 1237 2844 maluit
1265 2782 1420 2868 cingulum

321 2883 443 2968 perdere
458 2906 544 2967 quam
557 2883 738 2959 thurificare,
753 2905 808 2966 pro
823 2883 997 2947 necessitate
1011 2889 1112 2946 tamen
1126 2882 1194 2946 belli
1214 2884 1329 2948 Persici
1346 2886 1422 2949 inter

320 2992 399 3052 viros
419 2989 558 3054 militares
581 2988 743 3053 habitabat.
798 2989 856 3053 Sed
873 3011 965 3073 quum
980 2990 1138 3074 eligeretur
1152 2991 1185 3054 in
1201 2991 1419 3075 imperatorem,

316 3092 358 3156 ait
383 3115 414 3156 ee
438 3093 517 3156 nolle
540 3092 684 3156 militibus
706 3092 853 3176 imperare
867 3093 1000 3177 paganis,
1023 3115 1117 3177 quum
1141 3095 1211 3179 ipse
1236 3095 1424 3160 Christianus

318 3202 403 3260 esset.
448 3195 696 3260 Promittentibus
706 3195 821 3259 cunctis
837 3217 868 3258 se
883 3195 1032 3258 vellcfieri
1048 3196 1241 3274 Christianos,
1259 3206 1418 3282 promotus

317 3306 371 3362 est.
417 3297 475 3360 Sed
490 3297 523 3360 in
538 3297 676 3361 cubiculo
696 3319 775 3361 novo
799 3297 894 3362 calore
915 3320 1079 3382 prunarum
1101 3307 1131 3362 et
1147 3299 1251 3364 nidore
1267 3301 1417 3384 parietum

322 3422 419 3484 nuper
447 3399 526 3464 calce
564 3400 706 3463 illitarum
735 3400 908 3464 suffocatur.
960 3401 1008 3464 Ex
1037 3401 1205 3485 primicerio
1233 3403 1333 3467 laetus
1375 3410 1425 3467 est

322 3502 492 3584 imperator.
536 3501 599 3564 Sub
625 3523 660 3564 eo
690 3501 749 3564 luit
775 3502 879 3566 ultima
908 3501 1070 3586 Olympias.
1119 3505 1214 3567 Fuere
1243 3510 1346 3568 autem
1385 3505 1417 3568 in

323 3605 405 3668 1126
421 3602 507 3666 annis
525 3602 715 3687 Olympiades
742 3607 815 3667 225.
847 3604 931 3669 Sedit
952 3604 1109 3669 Damasius
1133 3604 1188 3668 sub
1211 3627 1271 3688 quo
1295 3627 1422 3690 congre·

319 3714 388 3792 gata
415 3713 461 3772 est
489 3707 625 3791 Synodus
654 3708 844 3773 Antiochena
878 3708 974 3787 tertia,
1005 3710 1090 3773 annis
1125 3712 1175 3787 18,
1199 3709 1355 3775 mensibus
1388 3715 1415 3785 2,

322 3809 427 3874 diebus
442 3813 472 3872 2.

365 3911 529 3976 VMDLX.
590 3913 784 3976 donimanus
795 3934 969 3978 rnrenavru
984 3934 1141 3978 unnsrsus
1156 3933 1256 3979 ooro:
1274 3916 1421 3979 Asianus

665 4038 687 4078 a
703 4036 828 4079 sennan
846 4017 1071 4080 Consranrrnr.

378 4117 488 4182 Valens
518 4126 549 4182 et
583 4118 805 4183 Valentinianus
828 4119 918 4184 lrater
946 4120 1010 4204 ejus
1039 4119 1134 4204 major
1162 4119 1259 4203 primo
1288 4117 1423 4185 tribunus
