3042 5134
508 417 699 482 Onaourcou
715 418 760 482 ΙΙ.
1126 422 1188 484 145

85 586 176 663 XIX,
201 588 255 670 qui
269 586 327 650 luit
342 586 507 663 haereticus,
528 593 559 650 ct
582 587 788 650 Justinianum
805 588 914 650 occidit
934 595 965 650 et
984 589 1092 673 Cyrum
1108 589 1186 652 Con-

83 689 387 772 stantinopolitanum
403 689 600 751 Patriarclram
624 689 798 772 deportavit.
844 689 1044 772 Philippicum
1061 692 1187 752 Anasta-

84 793 146 854 sius
176 792 337 873 imperator
365 790 412 853 vir
440 790 610 853 Catholicus
640 791 733 854 oculis
759 791 896 874 privavit.
957 791 1066 854 Karlus
1095 791 1187 864 Gudis

84 892 246 975 praelectus
261 891 361 975 palatii
376 891 436 953 duo
451 891 553 974 praelia
567 891 638 953 iecit
654 894 789 968 maxima,
814 915 907 956 unum
920 892 1005 976 juxta
1021 892 1188 970 Pictonum,

85 994 215 1058 alterum
233 995 320 1079 juxta
345 993 521 1057 Narbonem
552 1001 655 1056 contra
677 994 848 1072 Saracenos,
871 1002 901 1057 et
931 993 1101 1078 subjugavit
1130 993 1186 1057 sibi

84 1096 280 1167 Alamannos,
312 1093 437 1172 Suevos,
464 1095 637 1177 Baugarios,
661 1095 811 1172 FrisoneS,
841 1096 1080 1179 Burgundiones,
1107 1097 1184 1160 Nar·

85 1197 207 1274 bonam,
226 1196 418 1273 Neumasem,
442 1197 591 1279 Agathou,
615 1205 645 1259 et
660 1197 686 1259 oi
702 1197 865 1280 Gregorius
881 1197 1028 1261 secundus
1044 1198 1140 1261 claves
1155 1207 1186 1261 et

85 1297 205 1361 vincula
233 1297 313 1361 beati
342 1297 424 1361 Petri
453 1298 545 1361 misit.
590 1297 686 1361 Vicit.
703 1319 823 1381 quoque
853 1305 883 1362 et
912 1298 996 1382 ejecit
1026 1298 1184 1362 Girardum

86 1407 117 1463 et
131 1407 254 1463 caeteros
268 1407 410 1483 tyrannos
427 1399 461 1462 iu
475 1399 599 1462 Francia
613 1405 644 1462 et
663 1400 795 1462 Austria.
834 1399 924 1462 Dedit
947 1405 1048 1462 auteur
1063 1399 1181 1463 Carolu-

87 1522 198 1565 mauuo
218 1501 282 1565 lilio
304 1523 359 1564 suo
378 1501 529 1564 Austriam
553 1508 583 1562 et
605 1500 795 1582 Thoringiaru
807 1526 816 1577 ;
838 1500 945 1584 Pipino
968 1500 1184 1584 Burgundiam,

86 1602 262 1666 Naustn'am
283 1602 475 1685 prouinciam,
495 1609 526 1664 et
547 1600 662 1664 clericis
684 1601 813 1664 decimas
835 1600 958 1664 abstulit
980 1607 1014 1664 ut
1041 1599 1184 1663 militibus

86 1703 237 1787 stipendia
255 1709 425 1787 procuraret
439 1703 491 1786 qui
505 1702 716 1786 rempublicam
738 1701 934 1779 delensarent,
951 1708 981 1765 ct
1000 1701 1098 1765 adhuc
1119 1701 1183 1784 qui-

88 1806 156 1870 dem
172 1829 209 1869 ex
217 1806 267 1868 illa
275 1806 463 1868 institutione
477 1805 577 1888 plures
587 1804 759 1868 ecclesiaein
774 1805 976 1868 transmarinis
992 1803 1111 1867 decimis
1127 1803 1185 1886 pri·

87 1912 206 1972 vantur.
231 1906 268 1969 In
283 1907 347 1991 ejus
362 1907 497 1990 sepulcro
505 1928 559 1990 pro
572 1927 693 1989 corpore
705 1927 824 1988 serpeus
840 1927 965 1988 magnus
977 1911 1022 1968 est
1035 1904 1184 1980 inventus,

88 2015 120 2072 et
133 2008 191 2071 hoc
206 2007 324 2092 quidem
340 2008 494 2092 physicum
510 2013 565 2084 est,
579 2007 650 2070 licet
660 2005 781 2089 quidam
796 2007 829 2068 iu
838 2005 1012 2069 deteriorem
1028 2011 1140 2088 partem
1153 2005 1185 2067 id

88 2114 332 2197 interpretentur.
376 2114 441 2176 Rex
456 2112 670 2177 Luthbrandus
682 2111 754 2175 lecit
770 2111 868 2196 Papiae
885 2133 1007 2175 aureum
1023 2111 1139 2188 coelum,
1156 2117 1187 2173 et

87 2215 244 2279 transtulit
272 2216 344 2279 illuc
373 2216 511 2279 Boetinm
540 2222 570 2278 et
602 2216 815 2298 Augustiuum.
876 2215 914 2279 Iu
943 2215 1078 2298 sepulcro
1108 2213 1187 2278 beati

86 2317 263 2402 Augustini,
288 2340 381 2401 quum
403 2319 573 2402 aperiretur,
596 2318 735 2381 iuventus
756 2324 802 2380 est
825 2339 946 2400 serpens
970 2337 1059 2401 super
1084 2323 1189 2401 pectus

89 2419 165 2502 ejus,
181 2441 341 2503 superque
357 2441 450 2502 quum
469 2441 571 2482 omnes
586 2420 771 2496 mirarentur,
788 2424 922 2502 repertus
937 2424 982 2482 est
995 2425 1025 2482 et
1039 2424 1140 2481 tomus
1154 2419 1188 2482 in

91 2521 230 2604 sepulcro
243 2520 275 2584 in
292 2543 352 2604 quo
367 2521 415 2584 hic
430 2521 592 2585 versiculus
608 2521 739 2604 scriptus
756 2527 829 2599 erat,

248 2625 334 2683 Quem
350 2625 417 2692 tegit
428 2623 488 2676 haec
500 2624 600 2687 tumba,
613 2641 722 2693 serpens
733 2622 785 2675 ruit
798 2631 877 2692 atque
890 2623 1021 2676 columba.

133 2711 294 2774 Africanus
314 2711 434 2794 quidam
449 2711 575 2775 Romam
588 2711 737 2795 proiectus
753 2712 873 2776 moralia
890 2711 911 2774 J
913 2710 951 2775 ob
968 2718 1190 2796 comparaturus

89 2812 164 2876 dum
179 2833 211 2875 se
224 2813 256 2875 io
271 2813 394 2876 ecclesia
407 2812 486 2876 beati
500 2812 583 2877 Petri
597 2814 634 2876 ad
649 2814 813 2876 orationem
829 2820 1037 2898 prosterneret,
1051 2815 1147 2878 factus
1159 2815 1191 2877 in

89 2913 185 2978 extasi
199 2913 274 2976 vidit
297 2914 397 2976 vultus
417 2914 544 2998 angelici
563 2916 643 2979 viros
661 2915 883 2998 pontificalibus
903 2915 1073 2998 insignitos,
1089 2916 1189 2999 plures

89 3037 189 3081 coram
205 3036 238 3079 se
252 3022 448 3079 transeuntes.
509 3015 796 3100 Hispanusaprimo
809 3016 930 3099 quinam
943 3017 1004 3079 sint
1013 3017 1190 3090 sciscitatur,

89 3115 244 3200 rospondit
265 3138 397 3179 summos
412 3116 567 3199 pontilices
586 3117 686 3191 luisse,
709 3139 741 3180 se
763 3139 881 3200 quoque
902 3117 1078 3199 Gregorium
1098 3118 1190 3181 luisse

89 3219 177 3302 cujus
192 3219 301 3301 scripta
315 3217 474 3300 quaerebat.
517 3217 632 3286 Quaerit
643 3217 715 3280 item
730 3218 913 3300 peregrinus,
936 3223 955 3252 “
973 3216 1034 3280 Ubi
1050 3223 1095 3280 est
1110 3227 1193 3300 pater

90 3326 193 3384 noster
202 3319 392 3402 Augustinus
402 3319 417 3381 Ρ
426 3318 447 3347 ”
458 3319 500 3382 At
509 3318 568 3394 ille,
579 3325 600 3354 “
611 3319 696 3382 Inter
705 3318 850 3384 cherubin
858 3318 989 3400 ”linquit
998 3325 1018 3356 “
1027 3325 1057 3381 ct
1067 3319 1192 3403 Seraph-

89 3423 135 3484 in.
160 3419 237 3484 solis
251 3420 399 3483 euimillis
414 3421 532 3503 cognita
543 3421 581 3484 de
595 3421 749 3484 divinitate
765 3420 878 3483 deifica.
902 3420 990 3483 Solus
1005 3421 1193 3504 Augustinus

91 3521 318 3605 comprehendit
334 3523 472 3585 aroana.”
516 3524 692 3586 Anastasius
706 3523 866 3606 imperator
879 3521 1110 3606 presbyteratui.
1155 3522 1195 3584 Iu

92 3624 193 3699 Italia,
216 3623 335 3701 Tuscia,
355 3625 476 3708 Apulia,
497 3625 565 3687 laici
587 3625 739 3707 possident
763 3624 900 3688 decimas.
954 3624 1058 3689 Carlus
1080 3645 1196 3686 monas·

98 3726 206 3790 terium
223 3726 448 3808 Agaunensium
464 3725 620 3789 subvertit.

139 3825 415 3891 VMDCOCOXX.
459 3829 659 3891 Auasrnsrus
692 3845 866 3889 ineassum
897 3845 994 3888 anuis
1020 3822 1086 3900 III,
1116 3843 1197 3886 nnu-

591 3928 749 3990 smmVL

148 4035 224 4097 Post
251 4031 440 4094 Anastasium
470 4031 626 4115 imperavit
649 4029 835 4094 Theodosius
865 4051 942 4092 armo
972 4050 1041 4091 uno.
1074 4027 1199 4111 Pipinus

640 4134 680 4194 19
