3042 5134
327 543 371 608 42
473 557 478 568 ·
747 537 894 604 Bruuurr
918 535 1023 604 Nram

329 711 433 778 eodem
449 716 484 776 ut
498 710 647 795 ingerant,
663 730 820 796 properare
832 709 870 774 ad
885 707 1071 795 martyrium,
1086 707 1178 772 rediit
1185 706 1387 774 nihilominus
1399 711 1434 775 ad

328 816 468 881 insanum
480 815 663 900 principem3
680 821 711 879 et
721 837 776 900 per
785 815 983 879 constantiam
993 813 1108 898 pupuli,
1117 813 1183 898 ejus
1191 812 1267 877 iram
1275 817 1434 900 repressit3

329 926 361 985 et
382 918 506 983 cenavit
526 918 717 1002 persequutio
740 917 907 1002 paululum.
952 917 1077 981 Mauvia
1095 916 1186 994 enim,
1203 917 1435 982 Sarracenorum

328 1023 441 1107 regina,
455 1019 615 1086 infestabat
630 1022 791 1100 Romanos,
806 1043 862 1085 nec
876 1021 920 1084 eis
934 1041 1037 1104 pacem
1052 1019 1123 1084 dare
1137 1019 1242 1096 voluit,
1257 1020 1320 1084 nisi
1334 1021 1437 1086 Moses

330 1125 461 1210 quidam,
470 1123 642 1190 Catholicae
651 1123 848 1201 Christianus,
858 1123 942 1210 genti
950 1146 1014 1187 sua
1022 1121 1143 1187 daretur
1156 1122 1326 1207 episcopus.
1351 1125 1437 1188 Adeo

332 1228 432 1294 statim
447 1249 515 1292 curn
529 1227 718 1292 festinatione
737 1227 798 1310 [id]
815 1226 882 1290 lieri
898 1233 1034 1311 oportere
1056 1226 1207 1290 decretum
1228 1232 1284 1290 est.
1333 1225 1436 1298 Quum

333 1337 434 1395 antem
455 1329 569 1394 Lucius
584 1351 653 1394 cum
676 1329 813 1394 ordinare
831 1329 933 1408 vellet,
948 1329 1000 1392 ille
1022 1329 1056 1392 in
1077 1326 1200 1413 publico
1220 1327 1437 1394 ordinationem

333 1433 396 1519 ejus
419 1432 605 1498 abominatus
627 1439 684 1511 est,
699 1439 730 1497 et
753 1432 918 1496 necessario
941 1431 1113 1501 catholicos
1134 1429 1172 1494 ab
1194 1430 1285 1494 exilio
1306 1432 1439 1496 revocari

314 1532 466 1621 ¹oportuit
488 1536 526 1600 ad
548 1537 613 1620 ejus
634 1532 863 1613 ordinationem,
885 1535 920 1599 in
947 1535 1154 1606 confusionem
1183 1540 1215 1598 et
1245 1534 1281 1597 in
1309 1534 1439 1623 dedecus

336 1639 432 1705 Lucii.

378 1739 442 1806 Sub
462 1740 520 1804 hoo
541 1747 677 1826 tempore
700 1741 847 1819 Valentis,
867 1741 940 1806 clari
968 1750 1059 1807 erunt
1079 1741 1250 1827 Dindymus
1279 1765 1388 1822 caecus,
1409 1751 1439 1808 et

332 1843 471 1922 Basilius,
487 1849 516 1908 et
532 1844 704 1928 Gregorius.
750 1844 879 1909 Basilius
894 1843 1028 1909 ordinem
1043 1845 1182 1909 formavit
1206 1845 1432 1923 monachorum,

336 1946 510 2030 Gregorius
532 1946 625 2010 vitam
646 1946 839 2026 clericorum3
871 1947 1059 2031 multumque
1081 1947 1187 2012 diebus
1208 1947 1271 2011 suis
1292 1948 1438 2025 fecerunt,

336 2057 367 2114 et
399 2049 455 2114 aab
484 2049 676 2116 tribulatione
705 2051 834 2135 tyranni.
877 2050 1039 2114 Ambrosio
1074 2051 1236 2135 baptizate,
1258 2057 1365 2116 octava
1394 2052 1439 2114 die

253 2240 255 2242 Ι
289 2221 296 2231 ,
338 2151 668 2238 ordinaturepiscopus.
701 2153 749 2216 De
760 2176 821 2237 qno
834 2152 1063 2218 Valentinianus
1073 2154 1125 2232 ait,
1141 2153 1291 2218 “Gratias
1301 2176 1359 2238 ago
1374 2153 1439 2232 tibi,

337 2253 479 2332 Salvator,
499 2256 640 2339 quoniam
651 2255 721 2320 huic
740 2257 803 2320 viro
823 2278 879 2340 ego
894 2256 1016 2340 quidem
1030 2263 1316 2340 corpora,tuautem
1328 2257 1440 2322 animas

334 2359 508 2424 commisisti
515 2385 525 2438 3
548 2367 689 2424 etmeam
703 2359 877 2424 electionem
891 2367 952 2423 tua
968 2360 1096 2444 justitiae
1109 2361 1267 2446 cdnvenire
1282 2359 1435 2424 voluisti.’'

337 2465 379 2530 Et
401 2488 463 2530 non
485 2466 580 2530 multo
601 2473 679 2550 post,
705 2486 800 2549 quam
820 2465 899 2530 idem
920 2465 1098 2530 Ambrosius
1119 2464 1242 2529 verbum
1265 2466 1298 2528 in
1318 2465 1440 2530 ecclesia

338 2568 457 2648 iaceret,
486 2569 563 2632 vidit
595 2550 718 2652 quidam
746 2569 925 2632 Arianorum
960 2568 1102 2653 angelum
1129 2568 1169 2632 ad
1202 2590 1305 2632 aurem
1334 2568 1441 2632 stantia

341 2660 480 2756 episcopi,
495 2671 676 2735 indicantem
691 2670 718 2734 oi
739 2670 820 2754 quod
839 2671 951 2756 pupulo
966 2672 1107 2736 nunciare
1121 2669 1251 2749 deberet,
1267 2676 1298 2734 et
1320 2693 1357 2736 eo
1372 2693 1441 2734 con-

340 2796 445 2838 versus
461 2779 506 2838 est
522 2773 559 2838 ad
573 2771 688 2837 Fidem.

383 2875 456 2940 Fuit
475 2881 506 2939 et
528 2875 604 2950 cirea
625 2897 658 2940 aa
678 2882 812 2960 tempora
834 2877 993 2954 Martinus,
1010 2875 1061 2960 qui
1081 2875 1120 2940 ad
1143 2874 1309 2939 doctrinam
1334 2875 1443 2940 Hilarii

340 2979 533 3044 Pictaviensis
548 2979 688 3064 episcopi,
703 2981 830 3045 multam
849 2980 951 3051 induit
970 2981 1157 3044 sanctitatem
1179 2985 1211 3042 et
1231 2979 1442 3042 miraculorum

341 3081 493 3147 virtutem.
538 3083 584 3146 llo
599 3105 717 3168 qnoque
732 3090 866 3168 tempore
881 3083 950 3147 data
962 3089 1010 3146 est
1022 3081 1390 3159 immunitasfficambris,
1406 3103 1442 3144 ue

343 3192 481 3270 pararent
501 3185 622 3265 tributa,
639 3187 708 3270 quia
728 3187 876 3271 juvissent
896 3185 1139 3250 Valentinianum
1161 3191 1264 3248 contra
1286 3183 1442 3248 Barbaros.

345 3288 389 3352 Hi
399 3311 469 3354 vero
484 3288 629 3354 Sicambri
640 3287 675 3353 de
691 3289 855 3359 continenti
866 3295 945 3353 terra
967 3289 1118 3352 venientes
1138 3310 1191 3372 per
1212 3309 1302 3364 mare,
1317 3285 1444 3370 ingressi

342 3391 451 3456 Tanais
465 3392 541 3456 ostia
554 3391 697 3469 fluminis,
714 3413 766 3476 per
780 3390 939 3456 Maeotidas
948 3389 1082 3475 paludes,
1099 3390 1254 3454 infinibus
1274 3390 1444 3452 Pannonia-

343 3515 410 3556 rum
427 3493 638 3558 castrametati
653 3500 733 3572 sunt,
745 3500 777 3557 et
791 3494 942 3558 civitatem
955 3493 1189 3570 aedificaverunt,
1201 3515 1268 3576 quae
1283 3492 1445 3554 dicuntsic

345 3595 492 3660 diceretur
499 3622 509 3675 3
531 3595 612 3659 unde
628 3596 731 3660 Franci
752 3597 884 3661 fuerunt.
930 3597 1034 3665 Quum
1054 3603 1153 3659 autem
1176 3603 1245 3679 post
1265 3595 1446 3657 decennium

345 3699 533 3782 exigerentur
548 3697 668 3778 tributa,
684 3699 801 3776 Franci,
817 3699 898 3764 aucti
912 3721 1035 3762 numero
1050 3706 1082 3761 et
1096 3698 1218 3776 viribus,
1234 3696 1305 3761 dare
1329 3695 1444 3760 uolner-

344 3811 434 3882 runt;
458 3811 488 3866 et
503 3803 641 3889 deinceps
662 3804 881 3868 immunitatem
904 3803 962 3867 sibi
984 3808 1255 3886 praesumpserunt3
1278 3798 1362 3884 qnod
1384 3821 1445 3862 non

345 3913 423 3970 esset
443 3907 494 3989 qui
510 3929 560 3972 eos
582 3907 703 3992 aggredi
725 3905 857 3984 auderet,
874 3905 1096 3969 Marcomanide
1116 3913 1150 3968 et
1173 3892 1349 3968 Genebaldo
1370 3902 1446 3965 duee

345 4009 582 4095 praesidentibus.
628 4009 726 4088 Unde,
737 4010 846 4094 egressi
858 4009 895 4072 de
907 4007 1077 4084 Sicambria,
1087 4007 1216 4091 plurima
1227 4007 1447 4070 Germanorum

346 4111 456 4198 oppida
468 4136 552 4178 secus
560 4113 639 4197 ripas
652 4113 746 4176 Rheni
756 4112 890 4176 fluminis
900 4117 1101 4195 pervaserunt.
1147 4109 1286 4179 Quorum
1294 4130 1448 4189 uumerus,

348 4217 552 4302 quamprimo
572 4238 626 4281 suo
647 4216 778 4280 adventu
797 4215 829 4280 iu
850 4215 1043 4285 Sicambriam
1058 4214 1109 4278 vix
1123 4213 1162 4279 ad
1176 4211 1337 4277 duodecim
1357 4211 1450 4276 millia
