3042 5134
496 533 685 598 Cusonroon
730 532 776 596 11.
1152 529 1213 594 123

111 716 204 779 Passa
216 720 264 778 est
280 713 359 796 legio
376 710 503 776 Thebasa
524 714 662 794 Agauno.
708 707 795 774 Passi
811 716 882 772 sunt
896 707 1066 780 Marcellus,
1082 706 1207 772 Marcel-

108 818 198 895 linus,
214 816 415 886 Sebastianus,
433 813 597 890 'l'iburtius
613 815 728 896 Agnes,
744 811 911 889 Anastasia,
927 811 1040 875 Romae.
1096 811 1206 875 Passus

104 928 150 985 cst
161 919 337 984 Vincentius
345 917 501 994 Valcutise,
515 916 638 980 Cosmas
650 923 681 978 et
695 916 860 979 Damianus
872 914 1007 978 Veronae.
1039 913 1205 999 Chrysogo-

107 1046 167 1088 nus
187 1021 364 1106 Aquilegiae.
395 1019 531 1085 Albanus
550 1018 729 1082 Verulamio.
774 1017 928 1101 Crispinus
948 1022 978 1080 et
1000 1016 1203 1101 Crispinianus

107 1127 284 1192 suessionis.
329 1124 450 1210 Agatha
475 1123 583 1200 Catini,
610 1123 701 1188 Latia
730 1123 901 1207 Syracusis·
957 1121 1041 1186 Fidis
1072 1121 1203 1207 Aginno.

107 1229 277 1304 Quintinae
292 1230 447 1312 Auguste.
464 1225 562 1291 Claret
578 1225 749 1289 Antoninus
764 1224 895 1288 eremita.
944 1226 1034 1288 Anno
1048 1246 1207 1310 persequu-

107 1333 200 1397 tionis
221 1331 352 1396 secundo
373 1329 575 1394 Dioclisienns
590 1327 808 1404 Nichomediae,
825 1325 1025 1390 Maximianus
1041 1326 1205 1390 Mediolani

107 1455 170 1499 uno
193 1441 224 1498 et
244 1433 349 1498 eodem
363 1432 412 1496 die
437 1431 596 1516 deponunt
611 1451 768 1515 purpuras.
829 1428 1030 1494 Maximianus
1046 1451 1062 1492 a
1077 1428 1205 1494 Gallonio

109 1535 264 1600 occiditur.
308 1533 501 1598 Constantius
525 1533 663 1597 Britcnas
686 1531 841 1595 constituit
860 1531 893 1595 in
919 1529 1095 1594 occidentali
1122 1539 1206 1616 parte

109 1638 216 1703 Galliae
238 1645 269 1702 et
290 1636 366 1702 obiit
381 1635 517 1701 Eboraci.
563 1635 779 1699 Constantinus
802 1634 882 1700 lilius
897 1635 961 1720 ejus
975 1634 1087 1698 nothus
1101 1634 1209 1698 invasit

109 1764 246 1827 regnum.

163 1842 324 1908 VMDIV.
380 1845 620 1909 Drocnrsranus
657 1863 845 1908 rnrnnnvnn
868 1843 930 1907 XX
959 1862 1071 1922 nurus,
1100 1861 1210 1908 socrus

100 1948 226 2024 Drion,
241 1966 389 2010 sonorus
405 1966 429 2008 a
445 1945 593 2009 Sunion.

150 2048 236 2112 Sedit
250 2047 432 2112 Melchindes
452 2048 504 2132 qni
531 2047 770 2111 confirmationes
789 2049 904 2111 statuit.
950 2047 1033 2112 Sedit
1056 2046 1203 2131 Sylvester

107 2152 214 2216 Romae
243 2151 296 2234 qui
315 2149 423 2214 statuit
446 2149 539 2234 pallas
566 2149 666 2214 altaris
685 2149 778 2214 lineas
802 2171 866 2213 esse
895 2149 1011 2227 debere,
1038 2150 1122 2213 anuis
1150 2155 1202 2228 23,

104 2252 258 2318 mensibus
278 2255 329 2330 lo,
350 2252 455 2316 diebus
471 2255 522 2316 12.
600 2251 748 2336 Sylvester
772 2251 878 2316 statuit
901 2252 1080 2331 dalmaticas,
1096 2259 1126 2317 et
1142 2253 1204 2318 dies

101 2379 167 2422 non
189 2356 250 2420 dici
273 2379 291 2419 a
313 2355 449 2441 planetis,
473 2364 503 2419 et
529 2354 610 2440 qood
635 2356 728 2420 laicus
756 2355 896 2420 clericum
920 2376 981 2420 non
1005 2363 1124 2421 accuset
1146 2379 1201 2420 nec

102 2459 230 2524 clericus
243 2459 342 2543 litiget
364 2480 461 2522 coram
479 2458 564 2522 laico.
620 2457 682 2522 Sub
702 2457 789 2522 Julio
810 2458 890 2542 Papa
904 2458 963 2523 luit
976 2459 1102 2523 Nicaena
1117 2481 1203 2543 syuo-

100 2563 169 2639 dus,
189 2563 221 2626 in
237 2585 295 2646 qna
310 2561 484 2626 dictumest
500 2561 537 2625 de
551 2562 659 2646 spiritu
673 2569 776 2625 sancto
788 2562 887 2646 ipsum
897 2562 1054 2646 procedere
1070 2561 1200 2626 soluma

103 2671 200 2750 patre·
243 2664 321 2734 Qnae
338 2664 427 2728 etiam
449 2662 581 2749 synodus
602 2663 691 2728 habet
710 2665 915 2732 auctoritatem
939 2663 1147 2748 evangelicam,
1171 2670 1202 2728 et

104 2769 171 2832 haec
194 2774 240 2831 cst
262 2769 357 2852 prima
375 2775 502 2852 quatuor
523 2767 669 2831 celebrata
693 2776 797 2832 contra
814 2769 944 2832 Arrium.
978 2767 1099 2832 Marcus
1124 2767 1203 2852 Papa

103 2871 212 2934 statuit
239 2877 276 2934 nt
305 2870 455 2934 Ostiensis
482 2870 649 2954 Episcopus
674 2879 826 2934 consecret
855 2871 1032 2936 Romanum.
1079 2871 1202 2934 Severus

100 2972 256 3037 occiditur.
280 2973 428 3036 bissinis
440 2995 456 3037 a
469 2973 588 3036 Galerio
604 2973 641 3036 lit
655 2970 830 3057 Imperator.
860 2973 1022 3038 Herculius
1038 2973 1197 3038 detectusa

104 3076 217 3140 Fausta
229 3075 294 3140 filia
309 3075 387 3159 quod
409 3076 510 3140 dolum
525 3076 722 3142 Constantino
743 3076 854 3141 faceret
868 3078 973 3140 marito
989 3099 1043 3141 suo
1059 3077 1200 3141 Massiliae

104 3179 259 3243 occiditur.
305 3179 477 3244 Maxentius
495 3180 577 3244 filins
594 3179 729 3244 Herculii
742 3181 895 3252 occiditur,
912 3179 968 3242 sub
984 3201 1042 3263 qno
1057 3202 1142 3264 passa
1158 3189 1203 3244 est

103 3283 250 3348 Katerina
265 3283 461 3348 Alexandriae.
507 3283 570 3348 Pax
588 3283 813 3348 aConstantino
827 3283 1002 3347 Christianis
1017 3282 1202 3361 reddituros

105 3384 226 3448 licentia
252 3384 454 3470 congregandi
481 3386 615 3458 concilia,
645 3408 724 3450 anno
761 3386 879 3470 imperii
909 3385 1112 3449 Romanorum
1128 3388 1200 3464 35],

101 3488 219 3572 imperii
243 3487 431 3552 Constantini
459 3492 487 3561 8,
513 3488 550 3553 ab
576 3489 650 3552 urbe
673 3486 793 3553 condita
821 3491 913 3566 1065,
940 3487 978 3552 ab
997 3488 1199 3554 incarnatione

104 3590 229 3654 Domini
244 3593 317 3668 313,
333 3590 370 3654 ab
384 3591 472 3655 initio
481 3591 586 3655 mundi
603 3594 697 3670 5511,
711 3591 875 3676 apassione
890 3591 1012 3656 Domini
1026 3596 1084 3656 231
1099 3613 1201 3656 sccun-

104 3694 177 3758 dum
192 3695 438 3773 Chrisostomum‚
451 3698 615 3762 secuudum
631 3699 705 3762 alios
720 3721 780 3763 uuo
797 3700 904 3763 minus.
929 3699 1013 3764 Crux
1027 3698 1148 3764 Domini
1165 3698 1201 3764 ab

108 3797 227 3862 Helena
240 3805 334 3862 matre
347 3799 536 3864 constantini
552 3800 705 3886 reperitur.
739 3801 832 3885 Sapor
843 3823 894 3864 rex
908 3800 1065 3865 Persarum
1080 3800 1203 3867 Christi-

105 3921 179 3964 anos
205 3902 400 3984 persequitur.
456 3902 579 3988 Crispns
602 3913 632 3968 et
657 3904 872 3968 Constantinus
899 3911 929 3967 et
952 3902 1145 3967 Constantius
1172 3913 1202 3967 et

101 4002 253 4067 Liscinius
277 4004 360 4068 iilius
386 4005 510 4070 Lisoinii
547 4013 578 4070 ct
607 4007 791 4071 Constantiae
820 4005 928 4070 sororis
958 4004 1147 4069 Constantini
1172 4013 1202 4068 et

99 4104 246 4169 Julianus
270 4108 415 4191 Apostata
436 4129 530 4193 nepos
560 4109 727 4174 Constantii
749 4131 766 4172 a
795 4108 996 4173 Constantino
1020 4107 1202 4193 Imperatore

102 4215 175 4272 sunt
194 4207 324 4272 Caesares
346 4209 427 4276 lacti.
451 4210 618 4276 Alexander
641 4211 795 4297 episcopus
819 4209 1007 4275 Alexandriae
1038 4210 1081 4273 uir
1106 4210 1207 4294 magni
1268 4233 1273 4247 ⁸
