3042 5134
467 471 660 538 Onnonreon
684 471 728 537 II.
1142 431 1202 540 lbt

102 645 252 710 liebertus
291 645 385 708 Curta
421 643 516 706 Ocrea
547 642 744 726 impignorata
782 643 866 706 tratri
896 643 1048 708 Willelmo
1085 667 1139 729 pro
1171 647 1201 710 X

101 747 234 811 millibus
256 766 420 810 marearum
443 744 558 826 argenti
579 744 773 821 Normannia,
794 744 1021 809 Hierosolimam
1044 747 1204 812 itinerator

99 873 168 914 cum
190 849 257 912 aliis
273 845 424 912 nobilibus
441 846 530 923 viris3
547 847 597 928 qui
615 847 807 909 Antiochiam
822 853 852 910 et
867 854 975 911 terram
993 848 1197 914 Hierosolimi-

98 960 199 1016 tanam
216 950 253 1013 de
274 956 420 1034 potestate
441 970 625 1032 paganorum
641 949 764 1012 viriliter
781 949 963 1032 eripuerunt.
1019 952 1055 1013 In
1074 951 1197 1016 Roberti

98 1055 244 1118 comitatu
267 1051 418 1135 profectus
440 1057 485 1114 est
508 1050 675 1133 Stephanus
699 1073 797 1114 comes
818 1051 973 1128 Blesensis,
995 1053 1046 1136 qui
1073 1054 1197 1118 duxerat

98 1178 228 1218 sororem
243 1155 318 1238 ejus,
332 1153 426 1215 filiam
440 1153 551 1216 scilicet
566 1153 643 1235 regis
660 1151 811 1228 willelmi,
822 1175 857 1214 ex
873 1175 931 1235 qua
945 1154 1050 1218 habuit
1061 1157 1199 1220 comitem

97 1257 304 1322 Theobaldum
319 1268 349 1318 et
364 1256 558 1338 Stephanum,
574 1265 676 1337 postea
692 1277 789 1336 regem
808 1255 936 1338 Angliae.
968 1256 1005 1319 In
1021 1256 1199 1341 illaerpedi-

95 1361 179 1423 tione
194 1359 319 1443 pmteeti
335 1366 405 1421 sunt
415 1356 595 1420 Godetridus
607 1355 668 1419 dux
684 1356 944 1438 botharingorum,
961 1365 991 1420 et
1007 1359 1194 1423 Baldewinus

98 1461 136 1524 de
162 1461 288 1524 Rohes'ia
313 1460 404 1522 irater
426 1460 499 1542 ejus,
524 1466 626 1542 postea
649 1480 732 1541 reges
755 1459 1019 1533 Hierosolirnitani,
1044 1460 1192 1524 Robertus

95 1585 195 1627 eomes
206 1561 362 1636 Flandriae,
378 1560 569 1643 Hugolrater
580 1561 659 1643 regis
675 1560 813 1643 Philippi,
826 1560 1018 1625 Boarnundns
1033 1563 1192 1646 Appulius,

96 1664 284 1728 Reimundus
302 1685 399 1726 comes
414 1662 451 1725 de
466 1668 568 1724 sancto
584 1661 703 1744 Egidio,
719 1668 749 1724 et
771 1663 908 1726 himarus
924 1663 1008 1726 Padii
1024 1665 1189 1749 episcopus

96 1765 139 1827 Hi
160 1787 263 1828 omnes
285 1763 364 1847 apud
394 1763 684 1846 Constantinopolim
707 1773 919 1841 convenerunt,
944 1772 973 1828 et
1004 1788 1055 1848 per
1085 1767 1189 1830 Asiam

96 1866 251 1930 Minorem
285 1889 378 1949 usque
419 1866 612 1929 Antiochiam
656 1868 846 1943 transierunt,
885 1889 1022 1950 magnam
1060 1882 1189 1952 stragem

90 1970 281 2052 Paganorum
293 1969 444 2032 iacientes.
479 1967 635 2032 Plorasub
649 1991 717 2052 rege
727 1969 880 2032 Willelmo
894 1970 992 2034 tristia
1010 1971 1191 2048 acciderunt,

93 2072 172 2134 sicut
187 2078 272 2134 terrae
284 2078 393 2146 motus,
409 2070 557 2133 tumultus
572 2070 734 2153 fulgurum,
753 2077 851 2132 motus
866 2069 1031 2148 turbinum,
1046 2072 1195 2136 discordia

93 2180 261 2248 ventorum,
298 2171 445 2234 diluvium
483 2171 661 2255 pluviarum,
691 2171 794 2247 tames,
829 2171 990 2234 mortalitas
1023 2173 1187 2250 hominum,

92 2282 210 2339 cometa
234 2275 294 2338 XV
319 2274 423 2337 diebus
447 2296 601 2357 apparens.
646 2272 804 2349 Diabolus,
835 2271 991 2336 visibiliter
1020 2273 1192 2338 hominibus

89 2397 233 2459 apparens
259 2375 436 2439 insultibus
458 2381 489 2438 et
511 2375 613 2450 deviis,
637 2381 822 2437 transeuntes
854 2373 1067 2458 alloquebatur.
1095 2375 1188 2459 Apud

89 2478 224 2541 Bercsire
245 2479 313 2540 fons
335 2477 508 2560 sanguinem
531 2477 662 2541 manavit
687 2476 747 2539 XV
770 2475 920 2538 continuis
944 2474 1056 2541 diebus.
1088 2476 1190 2540 Pridie

87 2601 178 2663 quam
198 2579 351 2643 excederet
365 2580 427 2642 vita
447 2602 500 2642 rex
517 2578 697 2655 Willelmus,
721 2579 796 2642 vidit
818 2600 868 2661 per
891 2577 1020 2661 quietem
1041 2601 1071 2642 se
1094 2578 1188 2642 flebo·

86 2680 161 2743 tomi
179 2681 242 2744 ictu
264 2682 439 2763 sanguinem
461 2681 606 2756 emittere,
629 2679 745 2742 radium
769 2679 881 2742 cruoris
904 2681 936 2741 in
957 2678 1065 2742 eoelum
1091 2701 1187 2763 usque

87 2791 270 2867 protentum,
300 2781 396 2844 lucem
425 2780 607 2856 obnubilare,
639 2779 715 2842 diem
748 2780 935 2864 interpolare.
964 2779 1062 2843 Nocte
1086 2781 1188 2846 eadem

87 2887 210 2970 qnidam
226 2884 387 2946 monachus
404 2884 516 2946 viderat
530 2883 567 2946 de
582 2905 650 2965 rege
663 2884 812 2946 somnium
828 2881 936 2946 mirum
951 2892 981 2946 et
997 2884 1188 2962 horrendum,

86 2989 199 3052 seilicet
237 2985 317 3070 quod
346 3008 398 3048 rex
426 2986 458 3048 in
489 2985 637 3069 quandam
666 2985 818 3048 ecelesiam
850 2987 980 3058 veniam,
1011 2987 1187 3050 crucifixum

85 3090 234 3153 mordicus
264 3087 467 3172 apprehendit,
510 3087 629 3150 brachia
665 3087 709 3149 illi
747 3087 881 3163 corrosit,
914 3109 999 3150 crura
1039 3087 1083 3150 illi
1113 3111 1188 3171 pene

83 3191 314 3267 trunculaverat,
327 3189 506 3253 crucifixum
522 3189 574 3251 diu
587 3189 736 3264 tolerasse,
748 3188 797 3250 sed
809 3186 928 3249 tandem
945 3187 1019 3268 pede
1032 3189 1072 3251 ita
1087 3211 1185 3272 regem

84 3293 243 3376 depulisse,
271 3298 305 3354 ut
327 3290 452 3373 supinus
476 3290 615 3366 caderet3
632 3312 669 3352 er
683 3311 732 3350 ore
750 3288 877 3371 jacentis
892 3287 1017 3350 etiosam
1036 3289 1185 3352 flammam

83 3396 188 3470 exisse,
201 3400 235 3456 ut
251 3393 344 3454 sidera
356 3391 504 3455 lamberet.
532 3391 699 3474 Quumque
712 3390 769 3452 hoc
780 3389 926 3451 somnium
941 3389 1003 3470 regi
1019 3389 1184 3468 referretur,

81 3497 131 3560 ille
142 3495 300 3560 cachinnos
311 3495 506 3576 ingeminans,
520 3499 540 3530 “
551 3490 736 3555 Monachus''
748 3491 848 3573 inquit
860 3496 880 3524 “
894 3496 947 3566 est,
961 3497 991 3552 et
1001 3512 1090 3554 causa
1100 3514 1184 3554 num-

82 3619 202 3662 morum
217 3595 421 3659 monachiliter
450 3595 586 3658 somniat.
611 3595 690 3656 Date
718 3593 747 3655 ei
777 3593 801 3656 C
826 3590 967 3654 solidos.’'
992 3593 1099 3676 Itaque
1114 3608 1184 3657 ante

81 3699 185 3764 cibum
207 3698 259 3762 illa
282 3698 329 3761 die
355 3699 402 3760 vix
426 3705 574 3762 avenatu
596 3695 752 3771 abstinuit,
778 3703 806 3757 et
835 3717 905 3756 mox
933 3702 1001 3777 post
1025 3695 1125 3758 eibum
1152 3697 1184 3759 in

81 3812 194 3865 venatu
214 3799 406 3875 contendens,
422 3821 440 3861 a
463 3799 593 3881 quodam
610 3797 667 3860 sibi
687 3795 917 3859 familiarissimo
936 3794 1072 3859 Waltero
1096 3796 1183 3878 Tyrel

83 3904 196 3986 sagitta
220 3901 252 3963 in
274 3899 362 3962 corde
385 3921 550 3981 percussus,
574 3899 710 3982 spiritum
735 3896 894 3971 exhalavit,
921 3895 1035 3958 nullum
1060 3897 1182 3960 verbum

79 4005 231 4068 emittens.
275 4001 406 4064 Cadaver
417 4001 449 4064 in
463 4001 553 4064 rheda
565 3998 721 4064 caballaria
736 3999 859 4062 missum
874 3996 1038 4060 Wintoniae
1049 3996 1180 4060 delatum

79 4114 125 4170 est
149 4126 184 4170 ae
198 4102 276 4168 inira
294 4101 440 4166 ambitum
458 4103 550 4166 turris
572 4101 731 4184 sepultum,
757 4099 917 4162 multorum
939 4118 1091 4180 procerum
1109 4121 1179 4163 con·
