3042 5134
321 513 383 576 184
746 509 891 574 Renum
936 509 1036 574 Neam

317 685 451 774 quamvis
464 686 595 748 animum
617 685 681 770 ejus
693 683 870 769 jamdudum
891 683 1043 747 nonnullis
1065 707 1102 747 ex
1121 685 1216 747 causis
1233 681 1425 758 offendisset,

318 789 449 853 inarime
467 787 547 870 quod
571 786 604 850 in
626 795 733 850 neutro
755 787 845 851 latere
867 788 947 851 fidus
969 809 1033 851 esse
1054 789 1214 864 videretur,
1234 796 1341 871 pactus
1365 789 1422 851 im-

317 889 439 975 peratici
448 895 622 972 perpetuam
635 887 821 965 fidelitatem,
835 890 859 952 si
874 896 1009 970 respectu
1025 890 1142 973 pietatis
1151 889 1352 974 periclitantes
1368 889 1421 972 qui

319 989 444 1074 idipsis
471 989 616 1074 captionis
645 988 781 1053 faucibus
807 989 985 1054 tenebantur
1006 991 1150 1054 eximeret
1171 991 1297 1076 injuriae.
1341 990 1417 1054 Non

319 1090 425 1156 habuit
454 1113 553 1156 comcs
583 1091 774 1156 Gloecestriae
795 1093 931 1156 difficiles
953 1115 1038 1156 aures
1059 1092 1269 1176 indignitatem
1292 1093 1334 1155 rei
1357 1115 1421 1155 non

320 1194 426 1258 ferens·
478 1193 649 1258 Ulciscendi
671 1216 760 1259 causa
780 1201 810 1257 ct
828 1195 921 1258 filiam
954 1179 1102 1278 simulque
1135 1193 1324 1258 necessitates
1354 1215 1424 1257 suas

320 1295 463 1362 liberandi
478 1297 561 1361 dedit
575 1319 606 1360 se
621 1296 790 1360 discrimini.
814 1296 954 1362 Comitati
969 1304 1040 1361 sunt
1054 1320 1122 1361 eum
1139 1297 1264 1381 impigre
1279 1319 1344 1361 suae
1358 1297 1424 1360 fau·

321 1403 401 1462 tores
423 1399 523 1482 partis,
546 1421 673 1482 quorum
686 1409 749 1463 erat
769 1399 861 1483 major
876 1399 1127 1462 exheredatorum
1149 1420 1300 1463 numerus.
1345 1399 1426 1461 'Poto

321 1501 426 1564 itinere
448 1500 528 1584 quod
549 1499 734 1584 protenditur
756 1523 775 1564 a
797 1499 978 1564 Gloecestria
1006 1501 1038 1564 in
1057 1500 1296 1578 Liudecolinum,
1321 1522 1421 1564 comes

326 1601 430 1666 callide
454 1603 636 1666 assimulavit
661 1603 769 1687 quibus
796 1602 968 1687 ambagibus
997 1609 1096 1666 totum
1126 1604 1284 1666 exereitum
1316 1608 1427 1687 praeter
1504 1667 1509 1675 ,

323 1703 516 1788 paucissimos
530 1703 722 1787 suspendens.
754 1705 797 1768 Et
819 1726 912 1788 quum
937 1705 984 1768 die
1005 1704 1220 1788 purificationis
1241 1704 1280 1768 ad
1295 1704 1426 1768 flurium

322 1804 403 1888 qnod
418 1811 539 1868 vocatur
552 1805 661 1868 'luente
676 1805 798 1882 veniret,
820 1811 894 1868 tuuc
908 1806 1035 1870 vdemum
1058 1827 1167 1890 genero
1182 1807 1317 1890 quicum
1332 1827 1427 1869 manu

320 1905 417 1970 valida
442 1911 607 1969 occurrerat
627 1913 658 1969 et
682 1908 796 1970 coeteris
826 1929 900 1991 quos
930 1908 1102 1972 ductaverat
1132 1909 1245 1991 detegit
1273 1909 1422 1972 animum.

323 2007 450 2072 Cunctis
464 2007 557 2092 igitur
570 2007 755 2092 propositum
770 2009 796 2092 ej
801 2031 834 2070 us
849 2008 1051 2086 laudantibus,
1066 2009 1145 2072 illico
1161 2010 1297 2092 perducti
1311 2011 1426 2094 rapaci-

324 2115 415 2174 tatem
430 2109 562 2173 fluminis
576 2131 645 2173 cum
669 2109 807 2172 omnibus
830 2111 892 2173 suis
911 2099 1010 2173 nando
1032 2118 1233 2195 transgressus
1257 2119 1311 2175 est.
1359 2113 1427 2176 Rex

326 2234 394 2276 eum
410 2210 567 2275 comitibus
582 2211 807 2295 quampluribus
822 2219 852 2275 et
867 2232 928 2274 non
942 2211 1030 2276 inerti
1047 2212 1173 2275 militum
1189 2212 1286 2296 copia,
1302 2211 1381 2277 bello
1393 2235 1426 2277 se

324 2316 464 2392 animose,
479 2314 645 2377 intermissa
653 2312 816 2390 obsidione,
829 2313 948 2378 obtulit.
966 2318 1007 2378 At
1017 2321 1051 2377 ut
1066 2315 1205 2378 viderunt
1219 2316 1333 2398 regales
1343 2313 1425 2400 quod

325 2416 494 2480 consulares
506 2415 684 2479 nonianceis
695 2415 748 2478 sed
762 2415 868 2499 gladiis
883 2417 960 2478 inter
972 2423 1117 2500 gererent,
1133 2424 1163 2480 et
1179 2415 1297 2480 infestis
1311 2417 1426 2481 viribus

326 2518 440 2581 vexillis
464 2517 556 2582 aciem
570 2516 699 2601 regalem
720 2525 951 2601 perrumperent,
975 2518 1048 2601 fuga
1068 2518 1124 2581 sibi
1146 2541 1249 2582 omnes
1271 2519 1309 2582 ad
1333 2543 1429 2584 uuum

326 2619 448 2684 comites
462 2619 624 2683 consulere.
649 2619 742 2682 Pauci
757 2619 881 2682 barones
896 2619 1089 2703 praedicandae
1104 2620 1177 2683 fidei
1192 2627 1221 2684 et
1241 2620 1429 2686 fortitudinis

325 2721 414 2806 capti.
461 2721 527 2785 Rex
542 2721 615 2805 ipse,
637 2723 769 2805 quamvis
794 2721 831 2784 od
854 2743 884 2784 se
906 2721 1124 2785 defendendum
1147 2745 1207 2784 non
1229 2723 1256 2786 ei
1279 2723 1425 2787 defuisset

324 2823 450 2900 animus,
482 2823 604 2886 tandem
633 2845 651 2885 a
675 2821 820 2887 militibus
846 2823 962 2885 comitis
987 2822 1174 2886 Gloecestriae
1196 2823 1428 2908 circumquaque

326 2945 491 3008 aggressus,
511 2924 574 2986 ictu
593 2923 700 3006 lapidis
722 2923 874 3008 cujusdam
898 2931 983 2988 terrae
998 2924 1164 3007 procubuit.
1215 2925 1265 2989 Ita
1286 2927 1429 2991 omuibus

328 3026 406 3090 circa
432 3047 463 3089 se
487 3025 534 3089 vel
552 3024 645 3110 captis
669 3025 715 3088 vel
736 3027 848 3109 sugatis
871 3025 1032 3089 cedendum
1050 3047 1104 3109 pro
1125 3035 1257 3110 tempore
1278 3035 1310 3091 et
1332 3026 1428 3092 teneri

327 3129 478 3193 sustinuit.

368 3229 433 3293 Rex
447 3228 625 3313 imperatrici
640 3251 658 3293 a
671 3230 761 3293 fratre
776 3237 970 3314 praesentatus
989 3231 1189 3307 Glcocestriae,
1201 3239 1270 3315 post
1287 3226 1326 3296 ad
1343 3235 1424 3298 Bris-

324 3338 400 3395 toue
410 3331 528 3409 ductus,
539 3331 789 3395 etibihonorifice
805 3340 911 3416 prater
927 3333 1132 3418 progrediendi
1145 3335 1315 3400 facilitatem
1329 3359 1426 3400 serra·

327 3451 376 3496 tus
387 3439 432 3496 est
446 3434 551 3517 primo,
561 3448 664 3518 postea
676 3435 793 3497 annulis
809 3435 910 3498 ferreis
920 3436 1081 3499 innodatus
1095 3444 1149 3500 est.
1188 3437 1314 3500 Interim
1332 3439 1425 3522 impe-

325 3535 418 3597 ratrix
448 3542 479 3597 et
508 3556 607 3598 comes
627 3536 706 3618 apud
729 3535 860 3619 legatum
882 3536 1003 3600 fratrem
1024 3539 1097 3621 ejus,
1119 3539 1290 3622 episcopum
1314 3541 1426 3604 scilieet

324 3635 499 3713 Wintoniae,
514 3636 632 3699 nunciis
647 3647 771 3720 egerunt
787 3645 822 3702 ut
836 3639 930 3722 ipsam
946 3651 1083 3722 tauquam
1099 3641 1178 3722 regis
1196 3641 1320 3704 Henrici
1332 3642 1424 3706 filiam

324 3745 355 3803 et
370 3737 418 3802 cui
432 3739 527 3802 omnis
550 3738 660 3823 Anglia
682 3747 712 3803 et
733 3741 919 3804 Normannia
936 3743 1034 3825 jurata
1055 3742 1160 3820 fuerat,
1182 3743 1213 3805 iu
1228 3743 1382 3808 ecelesiam
1396 3757 1426 3812 et

323 3863 449 3924 reguum
462 3841 613 3926 reciperet.
658 3841 733 3905 Post
751 3843 864 3925 jurarit
884 3851 914 3906 et
936 3844 1070 3906 affidavit
1090 3844 1262 3927 imperatrix
1284 3848 1424 3931 episcopo

322 3943 406 4028 quod
429 3943 528 4006 omnia
543 3944 656 4028 majora
675 3945 795 4027 negotia
816 3947 909 4029 regui,
926 3947 1129 4029 praeeipueque
1151 3947 1326 4010 donationes
1350 3951 1424 4032 epis·

322 4059 483 4130 copatuum
508 4052 539 4108 et
561 4043 748 4109 abbatiarum
774 4046 838 4131 ejus
864 4055 971 4110 nutum
993 4055 1167 4131 spectarent,
1190 4049 1217 4112 si
1232 4071 1296 4112 eam
1313 4050 1422 4133 ipsein
1518 4133 1519 4136 Ἴ

324 4152 426 4212 sancta
449 4145 573 4212 ecclesia
595 4147 628 4209 in
649 4145 802 4212 dominam
826 4149 969 4234 reciperet
996 4156 1026 4212 et
1049 4159 1220 4235 perpetuam
1247 4150 1422 4217 fidelitatem
1518 4139 1519 4164 ³
