3042 5134
550 557 742 621 Cnuonrecu
780 556 808 620 Ι.
1171 556 1209 619 17

152 725 315 814 Antipatro
326 733 409 814 patre
419 727 526 813 Magni
536 726 677 806 Herodis,
687 725 896 792 Aristobulnm
905 723 1022 810 dejecit.
1066 724 1215 788 Deserens

153 828 815 914 enimadRomanos,P0mpeicintroductciu
823 827 999 904 Jerusalem,
1009 825 1212 892 Aristobulum

153 931 222 1015 capi
237 931 317 1010 feeit,
332 938 363 996 et
378 930 600 996 enthrcnivatus
615 936 661 994 cst
674 930 782 995 iterato
803 928 836 993 in
850 928 1068 1007 sacerdotium
1090 933 1122 992 et
1135 927 1214 992 iacta

154 1039 201 1098 est
230 1053 305 1118 gens
334 1032 512 1097 Judaeorum
548 1031 713 1096 tributaria.
759 1031 869 1114 Sisque
904 1029 950 1095 illi
984 1029 1090 1095 fratres
1124 1029 1213 1114 primi

150 1133 301 1200 dederunt
311 1134 495 1200 occasionem
509 1133 651 1198 Romanis
659 1131 820 1196 invadendi
829 1130 976 1196 Judaeam.
1021 1131 1206 1196 Illisdicbua

154 1235 315 1320 Pompeius
330 1244 361 1300 et
370 1234 517 1300 Gabinius
528 1233 664 1300 consules
673 1234 807 1298 luerunt.
852 1232 1053 1300 SedGabinio
1067 1235 1210 1300 successit
1317 1262 1327 1274 ·

155 1337 292 1400 Crassus.

197 1439 328 1518 Interea,
341 1439 506 1522 conjuratio
520 1437 656 1502 Catiliuae
671 1443 716 1502 est
730 1438 819 1514 lacta,
831 1442 862 1501 et
878 1436 980 1502 sedata
993 1435 1210 1504 interveniente

153 1540 306 1606 Cicerone.
352 1540 452 1604 Julius
477 1561 547 1604 vero
576 1539 674 1604 Caesar
698 1540 827 1616 interim,
851 1539 950 1604 Gallia
978 1546 1150 1625 expugnata
1178 1549 1209 1606 et

155 1643 281 1706 subacta
296 1642 459 1718 Britannia,
473 1642 534 1725 jam
549 1641 727 1706 decennium
747 1647 1011 1720 consummaverat,
1027 1649 1058 1707 et
1071 1665 1090 1707 a
1103 1649 1210 1709 senatu

155 1744 283 1808 alterum
314 1743 438 1827 expetiit
467 1742 665 1806 consulatum.
726 1742 840 1806 Verum
868 1742 1028 1808 inducente
1056 1744 1210 1828 Pompeio,

155 1845 317 1910 Marcellus
328 1845 431 1908 consul
441 1844 573 1908 obtinuit
588 1852 623 1908 ut
632 1850 751 1910 senatus
764 1851 914 1910 revocaret
923 1846 944 1909 J
946 1845 1042 1912 ιι1ὶιιιιι
1050 1846 1208 1927 Caesarem,

153 1957 304 2032 quatenus
318 1947 421 2012 relicto
436 1947 567 2010 exercitu
588 1947 714 2010 Romam
736 1947 854 2012 rediret.
898 1947 984 2013 Adeo
1006 1949 1070 2034 ipse
1084 1950 1209 2036 indigne

156 2050 266 2127 ferens,
289 2071 356 2112 cum
387 2048 519 2112 exercitu
549 2048 674 2112 Romam
696 2048 788 2125 venit,
811 2054 843 2112 et
863 2049 966 2114 tractis
983 2051 1084 2135 januis
1104 2053 1209 2132 aerarii,

155 2152 303 2216 militibus
337 2151 399 2214 suis
438 2151 560 2234 largiter
590 2149 737 2234 stipendia
766 2150 928 2215 distribuit.
974 2152 1099 2218 Interim
1138 2177 1209 2220 vero

158 2261 297 2318 metuens
339 2253 511 2336 Pompeius,
548 2251 745 2337 Dyrrachium
782 2254 923 2336 perrexit,
957 2261 989 2318 et
1027 2264 1213 2340 congregato

156 2356 300 2432 exercitu,
317 2354 471 2418 dimicavit
491 2375 559 2417 eum
574 2353 709 2431 Caesare3
731 2360 763 2416 et
777 2353 873 2418 victua
885 2359 933 2417 est
946 2353 989 2418 ibi
1002 2356 1036 2419 in
1049 2357 1210 2425 Thessalia.

157 2458 262 2529 Quum
288 2458 381 2541 igitur
406 2457 524 2540 fugeret
547 2462 578 2520 et
601 2461 771 2540 properaret
794 2455 830 2518 ad
854 2457 967 2535 Asiam,
983 2460 1167 2544 interceptus
1192 2484 1212 2526 a

157 2560 324 2624 Ptolomaeo
362 2581 440 2642 rege,
474 2565 504 2622 et
534 2555 573 2621 ob
612 2557 739 2640 gratiam
771 2557 890 2622 victoris
922 2559 1121 2645 interemptus
1155 2570 1212 2629 est.

158 2663 267 2726 Victor
295 2661 388 2744 igitur
415 2660 513 2726 Caeaar
542 2659 738 2723 Ptolemaeum
767 2659 948 2726 Alexandria
977 2662 1119 2742 donavit,
1157 2666 1211 2730 sed

42 2831 46 2844 ,
158 2771 262 2848 postea
288 2763 424 2847 ingratus
453 2762 551 2824 lactus
580 2760 706 2838 rebellis,
728 2761 879 2826 dimicavit
902 2770 933 2827 et
958 2765 1056 2831 victua
1084 2773 1150 2847 est3
1180 2775 1212 2833 et

158 2888 255 2949 quum
270 2867 339 2928 navi
353 2865 457 2948 fugere
471 2862 570 2941 vellet,
587 2862 757 2944 submersus
772 2870 827 2928 eat.
871 2864 970 2931 Caesar
990 2889 1060 2933 vero
1080 2869 1212 2934 Alexan·

159 2968 254 3031 driam
281 2967 370 3050 cepit,
392 2973 424 3030 et
447 2985 572 3048 reguum
595 2964 721 3049 AEgypti
743 2964 825 3030 dedit
847 2967 1021 3053 Cleopatrae.
1067 2971 1214 3039 Reversus

157 3069 252 3153 igitur
267 3069 402 3144 Romam,
414 3066 553 3132 Dictator
567 3067 732 3151 appellatus
747 3074 794 3131 est
808 3075 839 3133 et
855 3069 978 3135 Consul.
1022 3073 1131 3140 Postea
1144 3099 1215 3142 vero

159 3173 253 3236 duces
276 3178 306 3235 et
330 3176 454 3255 nepotes
479 3168 615 3252 Pompeii
640 3169 834 3254 expugnavit,
855 3176 887 3234 et
908 3172 1017 3237 occidit
1045 3175 1217 3262 Pompeiam

159 3275 254 3339 filiam
277 3274 351 3356 ejus,
367 3277 398 3335 et
420 3271 576 3345 Faustum,
592 3269 735 3334 Pusillam
751 3283 784 3335 et
802 3271 958 3337 Afranium
971 3281 1004 3338 et
1018 3276 1214 3361 Petronium

159 3384 192 3440 et
206 3395 351 3450 reversus,
367 3393 465 3436 rerum
482 3391 628 3434 summum
643 3377 674 3436 et
689 3378 868 3456 potestatem
882 3375 965 3441 solus
978 3378 1092 3463 accepit
1099 3406 1111 3460 ς
1133 3383 1216 3467 quod

160 3477 260 3542 Graeci
275 3473 477 3540 monarchiam
490 3479 608 3536 vocant.

206 3578 309 3648 Quum
331 3583 433 3640 autem
451 3572 626 3658 reipublicae
646 3579 758 3639 statum
782 3583 887 3642 contra
907 3600 1019 3645 morem
1039 3582 1180 3665 minaret,
1198 3610 1217 3653 a

160 3681 258 3746 Bruto
280 3685 310 3742 et
334 3677 437 3742 Cassio
457 3674 639 3754 auctoribus,
653 3676 686 3740 iu
701 3679 783 3742 curia
802 3684 844 3743 22
863 3681 1036 3748 vulneribus
1058 3686 1214 3754 confossam

160 3782 283 3859 interiit,
298 3787 366 3864 post
381 3801 475 3842 anuos
489 3785 550 3842 tres
565 3789 596 3842 et
618 3799 731 3842 menses
747 3801 801 3844 sex
816 3804 905 3865 quam
919 3784 1062 3870 imperare
1075 3799 1214 3873 ceperat.

160 3885 254 3952 Neois
275 3884 340 3967 ejus
365 3881 478 3944 caused
501 3886 532 3944 et
552 3882 701 3965 conjurati
722 3883 817 3948 fuisse
839 3885 980 3952 dicuntur
1002 3893 1065 3953 240
1088 3892 1215 3972 nobiles,

162 4008 238 4071 quos
266 3983 396 4068 populus
427 3982 460 4045 iu
491 3981 639 4066 Oapitclio
667 3983 825 4050 incendere
853 3989 948 4053 voluit
975 3991 1014 4055 ad
1043 3992 1217 4061 vindictam.

162 4088 266 4172 Hujus
278 4086 362 4166 ‘enim
376 4092 481 4148 tantus
504 4085 587 4150 savar
606 4085 714 4164 extitit,
731 4088 811 4171 quod
835 4111 938 4156 omnes
952 4114 1138 4159 successores
1153 4097 1217 4182 ejus

165 4190 316 4256 Caeneus
331 4186 472 4271 appellati
489 4194 561 4250 sunt
575 4186 613 4250 de
627 4188 749 4253 nomine
764 4191 838 4274 ejus.

208 4291 273 4356 Hac
295 4293 481 4373 tempestate,
502 4287 661 4354 deliciante
683 4292 847 4358 sacerdotio
874 4293 1063 4375 Judaeorum,
1086 4298 1222 4365 Herodes

684 4395 702 4454 3
