3042 5134
557 418 750 487 erronem
766 422 794 489 Ι.
1167 433 1209 499 99

96 599 293 677 tempestate,
316 601 439 680 accepto
460 595 545 680 gnari
571 594 683 661 ‹lamm
708 594 747 661 de
770 592 941 661 hominibus
966 600 997 661 et
1019 594 1109 663 rebun
1134 598 1208 677 anie,

96 696 253 780 applicuit
269 697 451 777 Messanam,
465 698 595 763 maxime
620 698 691 784 quia
716 698 795 783 regia
810 697 929 763 Ricardi
953 698 1052 765 noluit
1076 698 1210 767 desem

96 799 289 865 comitivam.

160 900 383 968 Grassautibus
418 918 518 969 autom
549 903 666 969 civibus
694 902 844 968 Messene
870 903 903 968 in
931 903 1095 969 exercitum
1123 904 1203 989 regie

94 1003 232 1080 Ricardi,
249 1004 328 1069 lorte
353 1005 465 1071 fiducia
486 1007 567 1092 regia
591 1008 775 1072 Francorum
799 1004 926 1091 hospitia
952 1006 1010 1085 aui,
1036 1008 1131 1073 iratus
1157 1030 1209 1073 rex

93 1106 209 1191 irrupit
236 1108 397 1186 civitatem,
423 1115 455 1172 et
479 1109 559 1174 lacta
585 1130 693 1193 magna
716 1116 815 1194 strage
840 1109 955 1195 populi,
977 1109 1108 1175 obtinuit
1144 1133 1208 1175 enm

92 1209 220 1275 firmato
230 1217 330 1275 castro
341 1234 430 1296 anper
440 1234 515 1289 eam,
531 1211 612 1296 qnod
627 1212 807 1297 Matipra'soe
821 1212 1002 1297 appellatum
1016 1219 1072 1277 eat.
1136 1212 1209 1279 Fae·

94 1319 147 1377 tua
163 1321 214 1378 est
230 1313 325 1398 igitur
338 1314 433 1379 multo
448 1314 548 1379 timori
562 1314 716 1379 Tancredo
731 1315 793 1399 regi
811 1315 929 1392 Sieiliae,
944 1322 980 1380 ut
993 1322 1100 1399 praeter
1108 1315 1210 1381 dotem

93 1419 209 1482 auroris
233 1417 361 1482 multam
394 1417 432 1483 ab
456 1440 492 1482 eo
525 1425 678 1483 excuteret
708 1418 878 1503 pecuniam.
923 1416 1077 1483 Subeunte
1110 1425 1210 1484 autem

92 1542 175 1597 vere,
208 1522 366 1607 navigavit
394 1545 447 1587 rea
485 1523 653 1609 Philippus,
692 1531 724 1589 et
756 1522 901 1609 applicuit
934 1523 968 1589 iu
1011 1522 1209 1604 Palaestinam,

93 1625 224 1689 veniens
246 1624 285 1689 ad
307 1624 492 1691 obsidionem
514 1628 644 1691 Acerou.
689 1626 756 1691 Rex
779 1634 879 1690 nutem
902 1625 1060 1705 Ricardue,
1090 1636 1211 1712 accepta

94 1728 230 1812 conjuge
251 1750 306 1792 aun
327 1736 358 1792 et-
379 1729 502 1793 remiesa
523 1738 618 1793 matre
648 1752 704 1793 aua
722 1730 755 1793 iu
777 1737 888 1793 terram
920 1751 1015 1810 auem,
1046 1731 1208 1816 navigavit,

94 1838 127 1894 et
161 1832 287 1894 veniens
317 1830 458 1916 Cyprum,
491 1838 662 1917 expugnata
694 1831 795 1896 insula
816 1838 846 1897 et
868 1833 1017 1919 captivato
1053 1854 1123 1919 rege
1143 1856 1213 1899 eum

92 1934 190 1999 unica
211 1933 274 1997 lilia
295 1935 370 2018 ejus,
392 1936 476 1999 veuit
504 1934 544 1999 ad
575 1934 764 1999 obsidionem
788 1937 918 2013 Aceron,
941 1935 1024 2000 dives
1048 1942 1080 2001 et
1101 1943 1209 2022 puteus

91 2060 131 2101 ex
162 2037 259 2101 multa
280 2039 389 2121 praeda.
433 2038 528 2123 Oapte
560 2039 681 2102 Acaron
718 2037 870 2102 deditione
891 2039 981 2118 lacta,
1011 2046 1096 2105 metu
1125 2039 1209 2105 iulit-

97 2141 219 2205 mitatis
239 2140 330 2205 rediit
363 2163 416 2205 rex
445 2141 582 2206 Franciee
615 2142 650 2205 iu
688 2146 797 2205 terram
834 2162 928 2220 auam,
965 2141 1067 2206 relicta
1104 2162 1212 2227 magna

97 2245 347 2329 parteerereitus
371 2245 419 2309 eui
442 2245 506 2329 regi
530 2243 672 2323 Ricardo,
688 2244 741 2328 qui
767 2243 942 2309 Seladintm
970 2243 1089 2308 duobus
1102 2244 1212 2328 preliis

97 2347 243 2425 confecit,
258 2353 289 2409 et
312 2348 393 2431 cepit
415 2346 564 2411 maritima
580 2353 612 2410 et
637 2346 780 2411 Ascalon.
835 2346 920 2411 Fecit
933 2346 1024 2411 etiem
1038 2345 1135 2410 occidi
1147 2346 1211 2410 lere

99 2470 221 2527 omnes,
236 2450 290 2534 qui
304 2449 509 2534 comprehensi
524 2455 607 2514 erant
621 2449 654 2513 iu
669 2448 820 2513 deditione
830 2452 956 2527 Acarou,
972 2448 1043 2533 quia
1054 2446 1212 2513 Saladiuua

101 2575 168 2618 non
183 2558 307 2617 steterat
320 2570 409 2637 pecto
425 2574 538 2631 eorum,
554 2551 636 2637 qnod
650 2552 783 2617 fecerant
797 2572 867 2617 cnm
881 2550 1012 2636 regibus.

149 2655 302 2720 Heuricna
327 2654 505 2741 Imperator,
521 2655 621 2719 atatim
647 2677 666 2719 a
679 2655 872 2721 coronatione
885 2677 949 2733 ena,
965 2676 1036 2720 cum
1050 2676 1143 2719 uxore
1157 2676 1212 2719 sna

100 2757 244 2823 introivit
272 2757 423 2842 Apuliam,
448 2764 478 2822 et
493 2766 685 2842 prosperatus
707 2758 786 2821 eirca
806 2756 951 2843 principia
976 2780 1041 2836 sna,
1066 2756 1212 2841 aequisita

103 2861 221 2946 Capua,
237 2867 268 2924 et
283 2860 417 2939 Salerno,
430 2866 461 2925 et
475 2860 624 2947 plerisque
638 2859 704 2924 eliis
718 2860 792 2925 locis
807 2860 1034 2940 munitissimis3
1049 2860 1212 2925 rebellante

101 2987 176 3030 vero
190 2964 331 3050 Neapoli,
346 2966 519 3030 transmissa
533 2987 628 3030 uxore
642 2988 698 3030 rua
721 2965 889 3045 Salernum,
916 2964 1034 3032 obsedit
1057 2988 1132 3046 eam,
1159 2966 1212 3032 ubi

103 3068 278 3155 pestilentia
291 3068 499 3133 infirmitatum
518 3069 725 3153 ingruentium
739 3071 865 3155 majores
892 3069 1040 3155 principes
1055 3090 1125 3133 suoa
1139 3068 1212 3133 ami·

103 3171 156 3235 ait.
201 3171 273 3256 Ipse
287 3193 417 3257 quoqne,
433 3172 540 3236 amissa
550 3172 681 3257 conjuge
695 3194 750 3237 sua
764 3180 795 3236 ct
804 3177 890 3257 capta
904 3196 922 3237 o
944 3171 1096 3235 'tancredo
1110 3170 1211 3255 prodi·

101 3273 189 3338 tione
214 3273 477 3352 salernitanorum,
504 3275 633 3359 graviter
653 3274 831 3351 infirmatus,
847 3275 896 3339 vix
911 3274 1013 3351 evasit,
1029 3294 1098 3337 cum
1113 3272 1210 3357 aliqua

102 3384 191 3462 parte
205 3377 253 3441 aui
267 3378 413 3441 exercitas
426 3377 460 3441 in
473 3382 583 3441 terram
597 3399 682 3442 auam
695 3376 851 3461 inglorius.
911 3378 1058 3442 Reversus
1073 3375 1165 3460 igitur
1178 3376 1212 3440 in

103 3487 217 3543 terram
231 3501 325 3558 suam,
342 3479 478 3563 sequenti
492 3486 595 3543 testate
607 3479 717 3543 iterum
735 3478 817 3543 misit
831 3481 993 3545 exercitum
1007 3479 1041 3543 in
1055 3478 1209 3563 Apuliam,

106 3582 174 3667 ipse
187 3581 290 3646 lutura
303 3582 409 3667 hyeme
423 3588 605 3666 sequuturae
619 3605 698 3647 eum.

153 3684 202 3749 De
213 3683 334 3768 regibus
347 3684 534 3769 Auglorum:
550 3684 656 3749 seriem
665 3707 768 3749 eorum
787 3684 911 3769 aprime
926 3706 994 3769 rege
1003 3684 1099 3749 Lucio
1109 3682 1210 3747 Chris-

102 3787 188 3852 tiano
201 3808 266 3850 non
287 3787 385 3871 posui,
410 3787 552 3872 quoniam
565 3786 718 3851 hiatoriam
741 3788 910 3872 Anglorum
935 3787 974 3851 ad
999 3808 1122 3851 manum
1148 3807 1210 3849 nou

103 3889 218 3969 habui,
234 3896 265 3954 et
280 3890 479 3974 prolixitatem
495 3890 596 3954 vitavi.
641 3890 754 3955 Seriem
768 3896 872 3955 tamen
885 3912 1000 3975 regum,
1016 3887 1208 3975 postmodum

102 3992 267 4070 iuventam,
285 4014 347 4058 uon
361 4017 380 4058 a
392 3992 500 4073 Lucio,
516 3993 568 4057 sed
582 3992 620 4057 ab
635 3994 701 4073 Ine,
714 3995 767 4079 qui
782 3995 896 4079 primus
915 3994 1009 4058 totius
1025 3992 1143 4076 Angliae
1157 4010 1210 4053 rex

102 4095 171 4174 fuit,
202 4094 306 4181 posui·
363 4094 425 4159 late
454 4096 514 4162 Ina
541 4098 677 4183 regnavit
707 4096 866 4162 XXXVII
897 4096 991 4161 erinis.
1037 4094 1110 4157 Post
1140 4112 1209 4155 eum
