3042 5134
324 491 368 554 40
741 485 888 552 moeni
910 482 1016 549 Nesca

325 665 357 722 et
368 657 482 744 judicie
497 657 561 724 duri
576 655 764 736 OErrlstianis,
779 655 852 742 quis
865 656 911 723 lex
927 675 983 722 sus
995 675 1047 721 ecs
1062 653 1108 719 ati
1122 651 1231 739 gladiis
1243 648 1430 737 prohibebst.

325 761 457 826 Demum
471 781 542 826 vero
557 760 699 826 suadetur
718 761 746 826 ei
766 760 966 826 Athanasium
987 759 1150 836 destmere,
1163 755 1236 841 quia
1256 753 1330 819 alias
1350 761 1427 818 artes

325 863 448 947 mamea
463 885 522 928 uon
538 870 659 948 possem
673 863 717 928 eis
738 863 857 948 quidem
877 862 1026 948 prodesse.
1071 861 1093 925 J
1094 859 1204 925 ubetnr
1221 858 1318 943 igitar
1336 858 1430 922 Athe-

325 965 428 1030 nasius
454 966 550 1050 quaeri
575 965 613 1030 ud
639 985 779 1052 pronaum
801 967 855 1031 md
875 972 908 1030 et
928 964 1041 1051 populo
1062 959 1161 1045 palam
1178 962 1288 1027 inlhrre
1310 981 1431 1047 poenam

323 1069 423 1153 jussit,
437 1071 505 1154 quie
516 1075 694 1147 cantassent,
711 1071 939 1154 Corfuadaster
947 1089 1052 1144 omues,
1062 1067 1114 1152 qai
1127 1067 1254 1130 adoram
1266 1066 1430 1147 scuptilia,

327 1171 430 1254 etqui
450 1171 621 1252 ploricutur
644 1169 869 1236 insimulastis
891 1172 963 1250 suia,
988 1169 1062 1236 dum
1087 1169 1238 1234 traherent
1260 1167 1431 1252 sepulum

327 1272 632 1360 Babylae†martyris,
643 1274 673 1338 in
684 1275 770 1359 cujus
780 1273 890 1338 vicinia
901 1296 964 1338 non
974 1279 1112 1358 poterunt
1123 1271 1271 1335 demum
1282 1271 1432 1356 Apollinis

325 1397 466 1463 response
493 1377 571 1444 darc.
607 1377 732 1442 Accitur
765 1396 837 1443 sero
859 1376 1041 1443 Athanasius
1061 1375 1204 1440 iuventus
1225 1379 1280 1452 est,
1311 1383 1343 1438 et
1373 1399 1433 1441 non

326 1487 427 1544 tamen
441 1481 579 1564 agnitus,
603 1486 634 1544 et
653 1480 721 1544 ideo
735 1480 825 1545 rediit
844 1487 876 1545 et
895 1480 1024 1558 delituit,
1040 1478 1136 1543 donec
1154 1479 1296 1544 Julianus
1317 1481 1433 1544 occism

326 1581 410 1646 obiit.
455 1583 496 1646 Et
511 1582 657 1646 exercitus
671 1583 736 1668 ejus
754 1583 843 1648 rediit
857 1589 927 1668 post
941 1603 1054 1647 annum
1067 1590 1099 1646 et
1113 1588 1183 1646 octo
1195 1601 1324 1647 menses·

371 1684 457 1748 Idem
480 1683 628 1762 Julianus,
652 1685 684 1748 in
708 1685 810 1750 odium
832 1685 914 1762 fidei,
937 1685 1020 1749 dedit
1043 1684 1195 1750 licentium
1217 1683 1432 1749 reaedificandi

328 1785 485 1870 Templum
502 1786 735 1872 Hierosolymis3
758 1789 797 1853 ad
812 1788 894 1873 quod
908 1809 1001 1873 quum
1013 1787 1231 1866 convenissent,
1241 1787 1390 1872 quicquid
1402 1788 1435 1851 in

330 1888 378 1952 die
403 1888 550 1962 fecissent,
576 1890 713 1974 sequenti
738 1898 828 1955 nocte
855 1889 1071 1956 destruebatur.
1115 1891 1209 1954 Venit
1236 1891 1318 1954 enim
1345 1897 1432 1955 terne

329 1999 439 2070 motus,
461 1999 492 2057 et
516 1993 598 2078 ipsos
624 1995 748 2060 Judeeoa
769 1996 917 2080 oppressit
938 2002 969 2059 et
990 1995 1157 2059 suffocarit.
1203 1995 1311 2065 Quum
1332 2002 1433 2060 autem

329 2096 516 2160 madefacto
538 2093 662 2162 obrutos
683 2106 858 2182 quaererent,
880 2098 962 2162 venit
984 2098 1065 2182 ignis
1090 2096 1219 2174 subitus,
1241 2103 1273 2160 et
1297 2097 1428 2180 reliquos

327 2197 451 2263 Judaeos
466 2197 631 2265 succendit.
676 2199 768 2265 Unde
782 2207 812 2264 et
826 2201 864 2265 ub
883 2201 1011 2286 inceptis
1032 2200 1232 2279 destiterunt,
1256 2205 1287 2263 et
1302 2200 1434 2292 'insuper

325 2299 413 2366 multi
433 2301 551 2368 credere
565 2310 726 2388 caeperunt.
772 2302 857 2369 Idem
882 2303 1025 2388 precepit
1039 2309 1075 2367 ut
1096 2303 1206 2366 milites
1221 2301 1432 2379 sacrificarent,

325 2409 356 2466 et
385 2404 437 2487 qui
466 2405 630 2470 secrilicere
659 2405 784 2484 nollent,
814 2406 922 2470 militia
956 2405 1081 2490 expulit,
1112 2411 1148 2471 ut
1175 2405 1374 2469 desinianum
1402 2409 1432 2467 et

326 2504 580 2582 Valentinianum,
598 2507 649 2590 qui
672 2529 775 2592 pugno
798 2509 946 2592 percussit
967 2508 1138 2572 ministrum
1159 2507 1264 2590 templi
1287 2507 1340 2590 qui
1361 2529 1431 2570 eum

329 2614 497 2691 aspergeret
523 2629 601 2689 aqua
629 2628 692 2672 sua.
738 2609 829 2674 Unde
851 2617 883 2674 et
910 2611 944 2674 in
968 2611 1136 2674 custodiam
1156 2610 1284 2674 traditus
1308 2609 1369 2674 luit
1393 2608 1431 2672 ad

329 2730 457 2792 poenam.
504 2708 594 2778 Quod
610 2710 637 2774 ei
651 2717 756 2795 postea
769 2714 854 2778 venit
867 2713 904 2777 ad
919 2713 1052 2798 gloriam.

373 2810 419 2873 llo
433 2815 566 2895 tempore
586 2810 701 2896 Pegsni
715 2813 902 2880 violaverunt
916 2815 1086 2900 sepulcrum
1107 2814 1127 2878 J
1129 2814 1254 2880 ohannis
1274 2814 1433 2899 Baptista,

328 2909 536 2976 comburentes
558 2934 624 2978 ossa
643 2923 674 2978 et
694 2915 897 3002 dispergentes
923 2919 1072 2982 cinerem:
1095 2940 1163 2982 osse
1175 2924 1277 2981 tamen
1290 2917 1436 2982 semiruta

328 3017 475 3102 peregrini
485 3018 606 3102 quidam
613 3021 838 3107 recollegerunt.
860 3022 1436 3106 Vulneratusdemumluhanus,quum

329 3128 424 3186 morte
445 3128 617 3201 arctaretur,
640 3124 789 3203 clamavit,
813 3125 963 3205 “Vicisti,
986 3126 1190 3206 Gulilaee;”*
1211 3133 1242 3190 et
1274 3126 1318 3190 ita
1343 3129 1436 3192 miser

368 3359 553 3428 tharses]
581 3361 606 3412 A
634 3370 703 3414 most
725 3362 830 3433 worthy
847 3363 950 3433 bishop‚
971 3365 1031 3417 who
1052 3365 1114 3418 died
1134 3383 1149 3417 a
1167 3367 1313 3436 martyrio
1332 3369 1434 3438 prison,

329 3443 427 3514 during
439 3445 485 3496 the
499 3446 601 3497 Decien
614 3449 790 3516 persecution‚
804 3467 875 3502 anno
890 3455 950 3502 251.

363 3534 379 3564 ⁹
397 3533 671 3604 Vrcrsr1‚Gan1nree]
682 3537 747 3590 This
758 3539 894 3609 Emperor,
904 3540 946 3592 his
957 3550 1083 3612 apostaey
1094 3550 1178 3612 apert,
1190 3543 1212 3595 is
1221 3543 1435 3614 acknowledged

328 3619 365 3690 by
384 3619 429 3672 the
447 3629 656 3673 consentaneous
675 3623 820 3694 testimony
839 3626 869 3677 of
884 3627 1016 3679 Christian
1036 3629 1090 3682 and
1108 3629 1199 3699 Pagan
1219 3638 1246 3681 to
1270 3630 1339 3682 have
1364 3632 1435 3684 been

328 3704 446 3757 adorned
471 3706 533 3757 with
560 3723 641 3776 many
664 3709 764 3761 virtues
789 3727 818 3762 as
843 3711 903 3764 well
927 3731 957 3764 as
983 3723 1059 3782 great
1083 3715 1197 3768 talenta:
1219 3715 1296 3768 “Vir
1313 3720 1436 3786 proiecto

329 3790 444 3842 heroicis
463 3792 695 3846 connumerandus
715 3794 840 3863 ingeniis,
855 3797 1013 3850 claritudine
1031 3818 1120 3852 rerum
1139 3809 1165 3852 et
1182 3801 1434 3874 coelitasmajeetate

328 3877 516 3948 conspicuus.’'
549 3879 693 3941 Ammien„
718 3881 744 3933 b.
759 3882 803 3947 25,
817 3899 842 3934 v.
857 3887 883 3935 4.
922 3883 1086 3954 “Apostatae
1112 3886 1229 3951 Juliano,
1254 3889 1329 3958 cujus
1358 3907 1434 3959 egre-

328 3963 400 4032 giam
438 3963 555 4016 indolem
595 3965 700 4035 decepit
737 3984 827 4019 amore
863 3969 1018 4022 dominandi
1052 3971 1181 4042 sacrilega
1213 3982 1240 4025 et
1274 3973 1435 4027 detestande

327 4051 471 4104 curiositas.
485 4051 533 4103 &c
546 4051 562 4072 ¹’
634 4051 789 4105 Auserem.
809 4072 843 4106 os
862 4056 912 4107 Cir
928 4056 990 4121 Der,
1005 4057 1024 4110 l.
1035 4061 1062 4110 5.
1076 4075 1099 4110 c.
1114 4063 1157 4112 21.

471 4165 639 4238 Principibus
651 4177 739 4225 tumen
753 4191 768 4226 e
781 4174 884 4227 cunctis
898 4192 951 4229 non
964 4175 1050 4231 deluit
1062 4194 1140 4241 uuus,
