3042 5134
559 517 750 581 Cnuourcon
788 516 814 579 Ῐ.
1175 518 1215 579 19

156 683 195 747 de
217 706 379 769 regnorum
400 691 432 750 et
452 708 559 769 regum
581 686 861 771 permutationibus.
906 686 955 751 De
977 684 1098 769 regibus
1120 686 1215 771 igitur

158 788 361 851 Itomanorum
397 795 428 852 et
460 788 498 852 de
531 788 758 873 imperatoribus
794 797 857 853 tarn
887 788 1088 854 Romanorum
1126 812 1215 873 quam

67 890 75 901 '
156 890 345 967 Graecorum,
374 889 432 954 sub
465 890 575 973 quibus
610 890 687 954 lidos
714 890 870 955 Catholica
904 890 1061 974 propagari
1095 893 1213 969 meruit,

157 990 335 1074 diligentius
374 992 554 1056 intuendum
591 1005 645 1070 est,
683 994 825 1075 qnoniam
860 992 946 1056 initia
985 992 1214 1075 Evangeliorum

157 1092 327 1175 procedunt
335 1092 373 1156 ab
383 1093 505 1157 historia
514 1094 879 1177 regumetimperatornm.
903 1093 993 1157 Unde
1002 1094 1074 1157 exiit
1083 1093 1213 1157 edietum

156 1218 176 1258 a
190 1195 306 1259 Cusare
320 1198 470 1279 Angusto,
483 1202 518 1259 ut
529 1196 743 1259 describeretur
754 1196 909 1259 universus
919 1196 1008 1259 orbis.
1054 1195 1144 1273 Item,
1154 1196 1213 1261 fuit

156 1297 190 1359 in
202 1296 309 1360 diebus
324 1296 463 1374 Herodis,
475 1297 556 1381 regis
567 1297 588 1360 J
589 1298 693 1375 udoeae,
705 1297 828 1380 quidam
837 1296 972 1361 sacerdos
982 1296 1018 1360 de
1030 1296 1094 1361 vioe
1104 1296 1212 1373 abidi,

157 1399 280 1461 nomine
294 1398 457 1462 Zacharias.

200 1500 365 1563 Interfecto
387 1500 481 1583 igitur
506 1500 592 1563 lulio
620 1500 745 1577 Caesare,
773 1499 921 1564 secundus
950 1498 1128 1563 monarchus
1154 1499 1214 1563 luit

155 1602 342 1665 Octavianus
363 1603 539 1683 Augustus,
572 1624 633 1685 quo
654 1601 757 1665 nullus
777 1601 809 1664 in
829 1599 914 1665 bellis
935 1599 1050 1667 lelicior
1071 1622 1166 1684 neque
1180 1601 1212 1665 in

156 1726 231 1787 pace
255 1702 443 1766 moderatior.
489 1703 593 1781 Porro,
615 1703 695 1767 inter
713 1724 783 1766 eum
805 1709 836 1766 et
858 1702 1027 1765 Antonium
1048 1702 1214 1786 respublica

151 1805 251 1869 divisa
271 1805 340 1879 fnit,
356 1805 451 1868 donee
471 1805 589 1868 rebellis
604 1805 766 1881 Antonius,
783 1803 938 1887 repudiata
960 1826 1061 1867 sorore
1077 1806 1209 1888 Augusti

153 1930 210 1991 pro
239 1907 407 1990 Cleopatra,
433 1905 514 1971 bello
539 1912 735 1990 consumptus
764 1912 831 1971 est:
864 1906 983 1991 propria
1007 1927 1150 1973 mauu...
1181 1914 1212 1969 et

154 2009 314 2092 Cleopatra
329 2008 474 2072 similiter.

200 2111 241 2173 In
264 2110 370 2173 dicbus
389 2111 481 2195 hujus
501 2108 661 2173 Octaviani
678 2108 821 2192 Augusti,
837 2112 900 2172 420
920 2130 1000 2172 enno
1022 2108 1137 2193 imperii
1152 2110 1210 2185 sui,

154 2212 195 2276 ab
217 2213 352 2296 AEgypto
372 2234 442 2275 vero
459 2211 621 2296 subjugata
639 2219 669 2275 et
691 2235 710 2276 a
731 2217 826 2275 morte
846 2211 973 2275 Antonii
994 2219 1024 2274 et
1046 2211 1212 2295 Cleopatra

155 2338 238 2379 anno
269 2320 320 2391 28,
345 2314 530 2399 Olympiadis
559 2320 660 2377 autem
682 2313 852 2377 centesimae
874 2312 1075 2394 nonagesima
1105 2314 1210 2390 tertiae,

155 2424 247 2480 natus
271 2424 317 2480 est
342 2416 489 2494 Christus,
513 2418 576 2479 330
602 2415 744 2492 Herodis,
767 2415 820 2497 qui
843 2435 964 2477 uxorem
986 2419 1017 2477 et
1038 2413 1117 2477 filios
1139 2436 1211 2477 suos

154 2519 315 2595 interiecit,
332 2525 362 2581 et
375 2518 552 2582 innocentes
568 2516 706 2594 inientes,
722 2522 757 2579 ut
773 2515 925 2579 Christum
946 2515 1102 2594 occideret,
1119 2517 1209 2579 truci-

154 2620 219 2684 dari
234 2620 315 2698 feeit,
330 2620 431 2683 elusus
446 2642 463 2683 a
478 2620 584 2703 magis,
600 2620 653 2703 qui
670 2620 824 2684 Christum
839 2618 992 2682 visitantes
1012 2617 1133 2683 adeum
1149 2640 1211 2681 non

155 2723 323 2785 rediissent.

197 2824 349 2908 Regnavit
370 2825 530 2907 Augustus
553 2826 594 2885 56
614 2843 718 2900 annos,
739 2843 809 2885 oum
828 2823 963 2885 Antonio
983 2824 1034 2900 12,
1056 2822 1138 2887 solus
1155 2825 1209 2887 44.

154 2928 308 2991 Successit
329 2932 430 2989 antem
453 2927 481 2990 ei
496 2926 638 2989 Claudius
659 2924 806 3002 liberius,
823 2924 917 2988 Liviae
940 2924 1032 3003 lilius,
1055 2926 1210 3009 privignus

155 3028 301 3112 Augusti,
334 3030 395 3090 lto
426 3049 506 3091 anno
535 3026 573 3089 ab
601 3025 807 3089 incarnatione
843 3026 964 3089 Christi.
1019 3026 1112 3110 Apud
1140 3050 1211 3091 eum

153 3130 263 3215 pulsus
288 3135 335 3193 est
358 3129 397 3192 de
421 3150 515 3213 regno
540 3128 714 3206 Archelaus,
741 3127 795 3209 qui
818 3128 934 3210 Magno
965 3127 1079 3191 Herodi
1105 3128 1211 3191 misere

153 3239 274 3297 mortuo
300 3230 454 3309 successit,
478 3235 509 3294 et
533 3229 682 3313 relegatus
708 3230 814 3293 estin
836 3230 958 3293 exilium
979 3229 1126 3292 Viennam
1138 3256 1149 3307 ;
1179 3236 1210 3295 et

152 3334 312 3399 substituti
342 3340 414 3396 sunt
443 3332 469 3395 ei
500 3338 637 3415 quatuor,
661 3331 815 3416 Lysaniae,
841 3331 1010 3415 Philippus,
1041 3332 1209 3417 Antipater,

155 3436 296 3501 Herodes
315 3433 514 3518 [tetrarchae].

197 3541 290 3601 Anno
313 3558 383 3600 vero
405 3537 466 3599 150
488 3534 606 3619 imperii
626 3534 736 3599 ilberti
757 3534 930 3617 predicavit
948 3534 1113 3613 lohannes,
1128 3536 1211 3600 filius

153 3641 311 3716 lachariee,
342 3637 490 3722 baptisma
518 3637 724 3721 poenitentiee3
761 3642 793 3699 et
821 3636 924 3700 eodem
962 3659 1041 3703 anno
1070 3638 1210 3702 Christus

151 3743 242 3826 elegit
258 3739 420 3825 apostolos,
433 3746 463 3802 et
476 3739 590 3821 incepit
603 3738 774 3821 praedicare.
818 3737 921 3822 Elegit
935 3747 966 3801 et
982 3742 1022 3803 72
1037 3738 1208 3823 discipulos,

152 3868 227 3928 quos
244 3843 329 3907 misit
343 3840 381 3904 ad
396 3840 619 3924 praedicandum
632 3840 664 3902 in
679 3839 754 3916 loca,
768 3839 801 3901 iu
817 3861 883 3922 quae
897 3839 960 3923 ipse
975 3846 1039 3903 erat
1052 3848 1208 3905 venturus.

153 3948 214 4017 Qui
235 3965 394 4009 conuersos
413 3942 451 4006 ad
471 3942 563 4005 iidem
581 3940 807 4025 appellaverunt
825 3940 974 4018 Galilaeos,
997 3941 1087 4026 longe
1107 3949 1210 4025 postea

152 4046 317 4132 appellatos
339 4043 535 4107 Christianos.
579 4043 717 4107 Christus
732 4064 802 4106 vero
817 4041 1006 4125 praedioando
1026 4043 1209 4125 spiritualem

151 4146 384 4231 intelligentiam
398 4144 488 4228 Legis
498 4150 529 4207 et
537 4144 628 4207 ritum
643 4144 878 4209 ceremoniarum
893 4142 1073 4221 evacuando,
1086 4143 1108 4206 J
1109 4144 1209 4208 udreo·

152 4274 219 4315 rum
234 4248 362 4314 incurrit
376 4247 478 4310 odium
494 4252 524 4310 et
535 4245 688 4323 invidiam,
701 4252 735 4308 ut
749 4246 869 4309 demum
884 4244 1020 4329 proditus
1032 4268 1049 4309 a
1061 4244 1209 4331 discipulo
