3042 5134
543 476 734 540 Geronteon
750 475 797 540 11.
1157 479 1217 543 133

118 640 174 704 dici
188 641 221 703 in
236 639 386 704 natalibus
401 649 584 706 sanctorum.
620 713 631 720 ἡ
641 643 745 728 Cripta
760 643 839 708 beati
855 637 1011 709 Michaelis
1030 645 1062 708 in
1078 646 1218 728 Gargano

118 749 234 825 reperta
255 741 345 812 est.†
390 743 456 806 Rex
478 743 648 807 Gothorum
668 745 870 810 Theudoricus
901 753 1006 830 praeest
1030 746 1136 822 Italia,
1167 749 1220 830 qui

117 845 191 906 mira
213 844 340 907 artificia
360 845 431 908 fecit
452 845 579 910 Veronae
601 868 692 930 quum
717 869 781 912 eam
804 857 1003 933 expugnasset
1024 848 1148 914 callide:
1170 850 1220 913 hic

117 946 204 1009 duxit
221 946 406 1011 Aldelledam
421 948 515 1011 liliam
532 948 683 1013 Olodovei.
729 951 896 1015 Olodoveus
908 957 1027 1036 superat
1039 949 1219 1018 Alemannus

116 1056 146 1110 et
167 1049 320 1112 Alaricum
343 1051 457 1114 arriona
480 1057 564 1114 sexto
586 1052 703 1115 occidit.
748 1052 880 1116 Veniens
902 1075 1020 1136 quoque
1042 1053 1217 1116 Tharonuvu

117 1149 204 1213 beato
230 1150 363 1215 Martino
392 1174 460 1216 cum
490 1152 593 1216 multis
622 1154 708 1216 donis
737 1177 847 1238 equum
876 1155 995 1233 obtulit,
1021 1178 1108 1240 quem
1145 1162 1214 1220 ante

116 1277 251 1339 pugnam
274 1258 419 1340 promisit,
444 1257 495 1321 sed
510 1257 586 1321 datis
601 1279 656 1341 pro
674 1259 749 1322 coC
775 1259 876 1323 solidis
896 1281 1089 1323 inoverenon
1109 1260 1218 1344 potuit,

116 1359 196 1422 datis
212 1381 282 1422 vcro
297 1359 362 1423 aliis
377 1359 411 1437 Ο,
427 1352 526 1422 seeum
542 1359 672 1423 reduxit.
727 1359 896 1424 Cludoveus
911 1383 1035 1444 regnum
1052 1361 1218 1424 Germano-

116 1485 185 1526 rum
200 1463 314 1546 accepit
329 1463 425 1526 occiso
441 1462 596 1546 Sigeberto
609 1463 732 1525 consiliu
743 1463 800 1526 lilii
812 1463 860 1526 sui
876 1463 1031 1540 Cluderici,
1046 1463 1098 1546 qui
1107 1469 1176 1547 post
1188 1464 1219 1526 in

116 1565 206 1627 archa
234 1564 286 1628 ubi
306 1565 438 1628 thesauri
458 1565 552 1649 patris
574 1571 660 1629 erant
693 1571 739 1628 est
767 1565 891 1628 occisus.
924 1564 1001 1628 Inde
1027 1563 1217 1628 Cameracum

118 1688 188 1729 cum
203 1687 272 1749 rege
287 1666 409 1750 accepit.
464 1667 612 1730 Clotarius
629 1666 711 1731 filius
726 1667 790 1750 ejus
805 1667 904 1730 sedem
921 1665 1025 1730 habuit
1041 1666 1217 1743 Suessiouis,

117 1767 232 1831 habens
246 1769 463 1832 Normanuiam
478 1777 508 1832 et
523 1769 691 1833 Flandriam
704 1796 714 1847 ;
730 1768 939 1834 Childebertus
954 1768 1096 1846 Parisius,
1106 1766 1219 1832 habens

120 1869 285 1933 Thuronim
309 1877 338 1932 et
360 1872 593 1954 Aquitanniam;
623 1870 799 1936 Clodomiris
829 1871 986 1935 Aureliani
1009 1871 1120 1936 habens
1141 1870 1218 1934 Bur-

116 1972 271 2056 guudiam,
307 1972 508 2038 Theudoricus
541 1973 646 2036 Remis
684 1973 840 2038 dominans
880 1996 969 2058 super
1006 1979 1111 2056 gentes
1151 1995 1218 2056 quae

119 2075 199 2139 ultra
220 2075 360 2138 Rhenum
382 2085 462 2153 snut,
485 2082 517 2138 et
545 2075 641 2139 lilium
669 2075 871 2140 Theobertum
900 2074 1006 2138 habuit
1036 2075 1087 2157 qui
1115 2074 1219 2138 Dauos

116 2179 192 2242 vicit
213 2179 356 2260 Angliam
378 2185 526 2243 vastantes
546 2179 603 2242 sub
627 2179 832 2243 Guremundo.
889 2175 1086 2242 Gundebaldo
1113 2184 1218 2261 quarto

118 2279 287 2344 Tetrarchae
309 2280 518 2364 sigismundus
538 2281 689 2352 successit,
718 2287 749 2344 et
778 2281 868 2365 hujus
894 2279 986 2343 liliam
1017 2279 1219 2344 Theodericus

117 2382 240 2446 Gothus
254 2382 349 2445 duxit.
395 2383 605 2466 sigismundus
621 2383 831 2445 monasterium
857 2382 1084 2466 Agaunensium
1111 2381 1219 2445 ditavit

115 2483 149 2547 iu
164 2483 263 2548 reditu
287 2487 325 2546 15
346 2484 472 2548 millium
488 2507 651 2549 marcarum
667 2509 684 2548 a
701 2491 798 2548 castro
813 2483 949 2548 Chillunt
971 2506 1066 2567 usque
1081 2484 1215 2568 Papiam,

117 2596 148 2652 ct
170 2589 243 2672 juge
258 2587 450 2671 psallentium
464 2587 595 2652 instituit
618 2587 747 2652 Deduc
762 2587 985 2665 monachorum,
1001 2587 1148 2671 poenitens
1163 2609 1217 2672 pro

117 2690 183 2753 lilio
205 2711 292 2772 quem
314 2691 438 2754 consiliu
461 2713 593 2754 novercae
626 2692 744 2768 occidit,
769 2693 821 2774 qui
855 2691 972 2775 fugiens
1000 2715 1017 2754 a
1048 2689 1217 2754 Cludomire

117 2801 223 2876 captus
252 2792 386 2856 Calauno
414 2793 480 2856 vico
513 2792 721 2857 Aurelianensi
752 2815 819 2856 cum
842 2816 932 2857 uxore
959 2800 990 2856 et
1011 2792 1085 2856 liliis
1108 2792 1216 2856 occidi-

115 2904 176 2971 tur,
200 2917 288 2979 quem
311 2895 499 2959 Godomarus
528 2895 619 2958 irater
642 2895 812 2959 vindicavit.
848 2894 1059 2979 Sigismundus
1083 2893 1218 2978 sepultus

116 3001 247 3080 Agaunc
270 2997 359 3061 claret
382 2997 551 3060 virtutibus.
586 2997 624 3060 Iu
646 2997 699 3060 illc
723 2998 900 3060 monasterio
921 2997 1026 3060 mulier
1048 3017 1101 3080 pro
1124 3002 1217 3060 morte

112 3099 172 3163 filii
200 3099 328 3183 plorans,
359 3122 376 3161 a
405 3108 508 3164 sancto
539 3099 682 3162 Mauritio
713 3121 766 3183 per
797 3098 891 3162 visum
922 3097 1082 3176 consolata,
1105 3099 1216 3162 mortui

113 3223 221 3265 vocem
240 3207 305 3264 tota
325 3201 387 3264 vita
408 3223 462 3264 sua
483 3202 561 3265 inter
583 3201 741 3286 psallentes
764 3201 887 3266 audivit.

159 3303 253 3368 Aliud
276 3324 395 3387 quoque
418 3305 525 3368 mirum
547 3306 579 3368 in
610 3305 718 3390 Majori
741 3304 923 3368 Monasterio
946 3325 1007 3367 non
1028 3303 1156 3366 inferius
1179 3302 1216 3366 de

115 3406 238 3491 capsula
267 3406 344 3470 circa
376 3407 432 3470 huc
467 3415 585 3491 tempus
618 3419 717 3472 actum
739 3415 794 3471 est.
856 3405 1032 3471 Anastasius
1055 3405 1217 3489 imperator

114 3509 285 3593 deprivatur
299 3507 336 3571 ab
355 3509 472 3572 Acacie.
504 3509 593 3573 Sedet
609 3510 748 3575 Ormisda
761 3510 847 3575 aunis
865 3508 1038 3586 audiebas
1060 3511 1110 3574 17.
1157 3507 1217 3570 llic

116 3636 209 3697 quum
242 3612 281 3676 ad
301 3612 507 3694 imperatorem
529 3612 656 3676 nuncios
689 3613 854 3690 direxisset,
877 3611 1032 3696 respoudit
1054 3611 1216 3694 imperator
1277 3617 1279 3622 “

119 3715 217 3780 “Nos
236 3716 342 3800 jubere
363 3715 512 3792 volumus,
535 3737 608 3779 non·
615 3714 724 3800 juberi.
736 3714 757 3743 '’
804 3715 863 3779 Sed
885 3737 938 3798 per
958 3715 1051 3778 ictum
1081 3711 1217 3776 fulminis

115 3828 163 3883 est
194 3820 354 3882 extinctus.
393 3818 498 3882 Clarct
531 3825 651 3882 sanctus
689 3817 872 3882 Leonardus.
918 3817 983 3880 Rex
1017 3813 1156 3878 Arturius
1185 3813 1218 3875 in

114 3922 274 3986 Britannia
294 3928 410 4005 regnat,
434 3922 486 4004 qui
508 3945 525 3985 a
549 3922 696 3986 Modrede
718 3930 899 4005 nepotesue
920 3919 1048 3982 letaliter
1079 3915 1216 3980 vulnera·

116 4035 168 4090 tus
188 4024 221 4086 in
239 4023 367 4087 insulam
390 4023 542 4087 Avallonis
566 4029 611 4086 est
633 4023 758 4100 delatus,
782 4023 867 4106 eujus
890 4019 1059 4105 sepulcrum
1082 4028 1214 4102 tempore

146 4163 168 4249 ¹†
180 4189 284 4259 Scripta
296 4188 368 4241 beati
384 4187 524 4242 Michaelis
536 4195 641 4259 reperta
654 4196 722 4240 sunt.
744 4187 802 4238 MS.
824 4187 892 4240 Rae.
