3042 5134
316 555 357 615 20
701 550 848 617 Rsoorm
885 552 989 617 Nrom

314 731 348 788 et
362 731 463 790 tentus
478 725 515 790 ab
531 728 584 806 eis,
595 729 735 806 accusari,
747 729 903 815 flagellari,
918 725 1119 803 condemnari,
1129 723 1275 808 cruciligi,
1287 723 1374 802 mori,

318 827 435 911 sepeliri
464 830 648 894 sustinuerit.
692 832 793 896 Tertia
814 853 885 895 vero
911 831 960 894 die
983 828 1111 894 surrexit
1135 850 1154 891 a
1181 827 1319 904 mortuis,
1343 832 1375 890 et

322 938 516 994 conversatus
530 931 609 996 inter
624 932 845 1018 condiscipulos
860 955 949 1018 super
962 934 1005 996 40
1021 930 1190 1009 dissuasa
1203 927 1378 992 videntibus

316 1031 492 1095 ascenditin
503 1034 611 1098 eaelum
620 1061 629 1112 3
652 1035 960 1119 quiuquagesimodie
975 1032 1178 1097 missuruseis
1188 1029 1375 1094 Paracletum

316 1133 350 1196 in
378 1133 491 1218 linguis
517 1136 622 1220 igneis,
650 1146 687 1200 ut
713 1139 747 1200 in
776 1159 828 1201 ore
854 1137 989 1221 ipsorum
1018 1141 1119 1200 ment
1146 1133 1247 1197 omnia
1269 1154 1377 1218 genera

318 1234 498 1320 linguarum,
515 1239 553 1302 ad
572 1239 794 1324 predicandum
807 1239 880 1304 fidei
895 1237 1019 1304 verbum
1033 1238 1066 1302 iu
1080 1237 1255 1301 unisonum
1275 1233 1378 1299 orbem

325 1344 480 1402 terrarum.

364 1438 469 1508 Quum
491 1445 590 1504 autem
611 1441 729 1518 Petrus,
753 1441 896 1519 loannes,
917 1440 937 1504 J
939 1438 1060 1517 acobus,
1080 1443 1150 1522 post
1171 1436 1374 1502 ascensionem

322 1538 493 1618 salvatoris,
510 1542 644 1625 quamvis
659 1541 800 1606 omnibns
811 1542 982 1605 viderentur
992 1561 1057 1604 esse
1070 1539 1197 1624 praelati,
1205 1561 1267 1603 non
1278 1544 1379 1603 umen

320 1640 378 1705 sibi
389 1642 620 1707 vendicaverunt
632 1643 777 1726 primatus
792 1644 935 1727 gloriam3
958 1642 1011 1707 sed
1025 1641 1184 1719 Jacobum,
1194 1641 1246 1725 qui
1261 1639 1379 1704 diceba-

322 1749 374 1806 tur
381 1741 403 1806 J
403 1749 499 1820 ustus,
512 1745 713 1828 apostolorum
727 1746 900 1830 episcopum
914 1750 1094 1809 statuerunt.
1138 1743 1229 1808 Unde
1244 1743 1384 1808 Clemens

322 1847 345 1880 “
356 1843 378 1908 J
378 1841 471 1908 aeobo
485 1852 517 1910 et
538 1845 559 1908 J
560 1846 671 1909 ohauni
686 1852 716 1909 et
730 1847 822 1910 Petro
841 1867 960 1910 omnam
982 1845 1136 1910 scientiam
1150 1845 1274 1910 tradidit
1287 1845 1382 1922 Deus,

324 1949 355 2010 et
383 1945 442 2030 ipsi
464 1946 579 2010 ctetems
599 1946 753 2031 apostolis,
776 1954 807 2011 et
828 1947 957 2030 apostoli
981 1947 1172 2031 septuaginta
1193 1945 1380 2030 discipulis.”

324 2046 521 2130 Persequutio
545 2055 644 2112 autem
667 2049 763 2132 prims
788 2048 929 2112 adversm
951 2048 1105 2112 ecclesiam
1130 2049 1196 2126 Dei,
1222 2070 1291 2132 quae
1316 2054 1380 2112 erat

327 2147 553 2234 Hierosolymis,
568 2149 648 2214 laeta
663 2151 754 2214 estin
770 2155 986 2235 protomartyre
998 2150 1158 2235 Stephano,
1174 2153 1236 2216 370
1250 2172 1329 2215 anno
1343 2148 1382 2214 ab

325 2248 527 2315 iucamatiane
542 2251 675 2317 Domini.
721 2252 798 2315 Haec
813 2252 1002 2336 persequutio
1017 2273 1122 2316 omnes
1134 2251 1196 2316 fere
1211 2251 1382 2336 discipulos,

327 2352 457 2438 exceptis
483 2355 524 2417 la
548 2353 701 2438 apostolis,
725 2375 780 2438 per
807 2353 976 2417 universam
1006 2353 1143 2418 Judaeam
1168 2360 1200 2417 et
1222 2353 1383 2418 Samariam
1505 2340 1506 2367 ¹

328 2453 543 2520 disseminavit.
586 2455 635 2519 Ex
664 2454 774 2537 quibus
803 2453 942 2519 nonnulli
970 2477 1066 2538 usque
1096 2455 1133 2518 ad
1162 2455 1325 2520 Phoeuicen
1353 2460 1386 2518 et

327 2555 459 2640 Cyprum
495 2563 526 2620 et
562 2557 753 2620 Antiochiam
791 2563 946 2621 venerunt.
991 2556 1055 2627 Qui
1091 2563 1194 2621 tamen
1229 2558 1379 2622 Gentibus

329 2656 447 2722 credere
468 2658 643 2743 mysterium
664 2657 736 2720 iidei
758 2659 891 2722 nondum
915 2658 1075 2723 audebant
1119 2660 1250 2737 Interea,
1271 2659 1387 2722 Paulus

327 2757 481 2823 ecclesiam
495 2758 640 2824 vastabat.
686 2758 800 2822 Missus
815 2783 884 2824 vero
899 2761 1078 2824 Damascum
1091 2760 1127 2824 ad
1139 2760 1387 2844 persequendum,

330 2857 362 2922 iu
387 2858 495 2924 itinere
517 2867 671 2944 correptus
696 2867 761 2938 est3
793 2868 897 2925 etuas
922 2861 1076 2926 electionis
1100 2884 1153 2947 per
1178 2862 1387 2926 revelationem

331 2960 407 3025 Jesu
421 2960 532 3026 Christi
546 2962 653 3039 factus,
669 2962 827 3026 ascribitur
839 2963 873 3026 in
888 2964 1098 3048 apostolatum.
1144 2963 1302 3048 Philippus
1316 2986 1386 3030 vero

332 3061 366 3126 in
395 3061 527 3144 Samaria
551 3063 698 3127 convertit
724 3064 875 3128 Simonem
905 3087 1027 3149 magum
1053 3073 1084 3128 et
1108 3064 1279 3150 baptizarit.
1324 3066 1388 3136 Qui
1506 3104 1507 3153 ss

332 3185 427 3248 quum
450 3187 468 3229 a
491 3163 578 3229 beato
601 3165 691 3228 Petro
711 3166 839 3249 gratiam
864 3166 987 3251 spiritus
1012 3167 1146 3251 pecuniae
1168 3169 1265 3252 pretio
1290 3190 1388 3232 emere

333 3265 433 3344 vellet,
443 3266 603 3350 deputatus
613 3272 659 3329 est
670 3267 1208 3352 cumsuapecuuiaadperditionem.
1251 3268 1387 3333 Invaluit

336 3366 430 3450 igitur
443 3367 633 3451 persequutio
648 3367 894 3445 Christianomm,
908 3376 940 3432 et
953 3369 1098 3452 generalis
1111 3371 1145 3433 in
1158 3370 1179 3433 J
1181 3369 1267 3434 udaia
1279 3392 1384 3434 eorum

334 3473 397 3530 erat
415 3468 588 3550 quassatio„
621 3467 735 3531 Pilatus
755 3490 836 3542 vero,
853 3470 922 3532 visis
943 3469 1092 3534 miraculis
1106 3470 1139 3533 in
1160 3478 1257 3534 morte
1274 3471 1388 3534 Christi

333 3573 363 3632 et
377 3567 563 3632 mirabilibus
578 3590 644 3652 quse
659 3569 769 3632 fierent
781 3593 836 3654 per
850 3590 959 3634 msam
981 3571 1195 3654 apostolorum,
1209 3593 1263 3655 per
1276 3573 1385 3657 episto·

334 3668 395 3733 lam
424 3669 527 3732 retulit
555 3691 590 3732 ea
618 3669 656 3732 ad
684 3669 845 3735 liberium.
892 3671 954 3741 Qui
983 3693 1028 3748 ea,
1058 3693 1125 3754 qua
1153 3681 1306 3756 acceperat
1335 3696 1387 3758 per

333 3771 466 3836 Pilatum
495 3769 532 3834 de
559 3770 688 3848 Christo,
718 3771 823 3835 retulit
850 3772 889 3835 ad
920 3777 1067 3836 senatum.
1123 3773 1251 3838 Senatus
1286 3784 1389 3840 autem

337 3872 480 3957 sprevisse
495 3872 613 3951 dicitur,
626 3895 681 3957 pro
696 3895 731 3936 eo
744 3873 824 3956 qnod
840 3872 971 3938 sibinen
984 3873 1068 3958 prius
1082 3875 1174 3958 hujus
1187 3876 1229 3938 rei
1242 3877 1391 3960 judicium

336 3974 427 4038 luerit
441 3972 590 4054 delatum
614 3974 666 4038 sed
681 3975 889 4038 auctoritatem
906 3997 992 4038 suam
1005 3979 1180 4060 praevenerit
1195 3977 1279 4061 vulgi
1299 3979 1388 4044 lama.

338 4077 404 4142 Lex
425 4077 504 4141 euim
526 4084 588 4141 erat
609 4077 777 4160 antiquitus
798 4076 962 4159 designata,
984 4099 1023 4141 ne
1044 4078 1111 4161 quis
1132 4079 1212 4162 apud
1237 4080 1390 4145 Romanos

342 4179 416 4242 deus
434 4177 601 4256 haberetur,
617 4179 675 4241 nisi
698 4185 818 4241 senatus
841 4180 988 4243 sententia
1007 4185 1038 4242 et
1052 4180 1171 4243 decreto
1185 4182 1389 4248 confirmatus.

351 4279 440 4346 Porro
469 4288 570 4348 autem
599 4303 653 4366 pro
682 4303 750 4344 vero
774 4281 832 4344 hoc
859 4288 921 4346 erat
948 4282 1029 4365 quod
1052 4281 1204 4367 agebatur,
1232 4305 1270 4348 ue
1295 4285 1395 4351 divina
