3042 5134
317 419 356 481 86
754 399 1019 467 chucrrNrcar

315 573 394 638 enim
408 565 643 651 archiepiscopus
671 560 729 624 luit
754 565 837 624 tutor
861 564 892 622 et
914 562 1031 621 curator
1069 552 1255 640 imperatoris
1281 554 1419 632 Henrici,

317 683 417 760 erepto
432 669 557 757 imperio
573 679 604 732 ct
618 687 710 753 puero
725 665 761 728 de
777 685 865 727 manu
880 662 953 747 ejus.

361 780 463 844 Rcmae
478 774 553 840 sedit
570 771 740 854 Gregorius,
756 769 807 852 qui
821 764 975 852 prohibuit
989 763 1153 829 sacerdotes
1167 785 1274 828 uxores
1289 763 1409 828 babere.
1509 849 1511 858 Ι

318 885 381 949 late
397 878 610 946 Hillebrandus
624 874 788 960 appellatus
801 885 857 935 est.
915 869 1008 954 Cujus
1023 869 1102 934 dicta
1115 877 1146 933 et
1159 870 1238 932 facta
1252 869 1416 953 imperator

321 987 477 1063 Hennam,
503 981 626 1046 collecta
643 975 754 1064 synodo
776 973 957 1053 Warmaeiae,
981 973 1135 1046 constituit
1148 973 1273 1050 irritare,
1289 982 1321 1036 ct
1342 973 1415 1037 fecit

318 1113 388 1158 eum
402 1088 536 1176 abjurari.
582 1081 795 1150 Hillebrandus
809 1103 888 1158 vero,
904 1102 920 1142 e
934 1085 1045 1156 contra,
1061 1101 1127 1142 eum
1139 1078 1416 1144 excommunicavit„

321 1196 389 1266 Qua
404 1194 440 1258 de
455 1215 542 1258 causa
558 1189 675 1275 quidam
692 1186 838 1272 principes
861 1184 1029 1270 imperatori
1043 1192 1183 1268 tanquam
1209 1184 1413 1247 excommuni-

320 1311 385 1368 cato
411 1298 651 1367 contradixerunt
666 1293 794 1358 obedire.
854 1289 984 1354 Veniens
1011 1297 1108 1352 autem
1126 1295 1228 1373 postea
1241 1291 1413 1374 imperator,

317 1407 450 1494 judicato
476 1403 619 1488 Gregorio
643 1407 673 1464 et
697 1397 841 1482 deposito,
867 1417 973 1479 papam
998 1393 1068 1457 iecit
1095 1392 1300 1457 Gerebertom.
1339 1395 1412 1464 'Qui

320 1513 357 1578 de
379 1509 518 1576 Remensi
550 1503 799 1588 archiepiscopatu
829 1500 984 1564 transierat
1016 1497 1195 1562 Ravennam.
1249 1498 1413 1582 Gregorius

321 1638 400 1692 vero,
415 1613 532 1678 obsessa
554 1611 657 1685 Roma,
673 1607 752 1691 lugit
770 1604 929 1681 salernam,
948 1614 978 1666 et
990 1601 1031 1665 ibi
1047 1619 1180 1666 mortuus
1195 1611 1250 1666 est.
1308 1603 1412 1672 Quum

321 1726 421 1785 autem
451 1738 529 1780 mors
561 1713 728 1777 immineret
750 1709 787 1786 ei,
810 1707 961 1771 confessus
993 1712 1039 1769 est
1067 1729 1098 1768 se
1120 1728 1254 1790 peccasse
1285 1705 1413 1773 incure

322 1820 470 1909 pastorali,
496 1825 526 1882 et
551 1815 675 1880 nuncios
691 1812 850 1878 destinavit
874 1810 911 1874 ad
926 1811 1132 1894 imperatorem
1153 1833 1207 1894 pro
1222 1811 1308 1876 venia
1333 1835 1413 1896 quae-

321 1924 421 2000 reuda,
437 1935 467 1988 et
481 1943 582 1985 omnes
597 1918 722 1984 absolvit
745 1915 782 1980 ab
798 1915 991 1994 anathemate,
1007 1937 1082 1998 quos
1093 1915 1242 1999 ligaverat.
1301 1915 1414 1982 Contra

322 2037 420 2094 tamen
447 2024 638 2091 Gerebertum
665 2023 702 2086 lit
724 2043 801 2107 papa
826 2018 1006 2096 Desiderius,
1032 2019 1083 2103 qui
1107 2018 1211 2083 Victor
1235 2018 1334 2083 dictus
1358 2028 1413 2105 est,

322 2128 495 2206 CLXHus3
520 2125 568 2190 cui
593 2122 774 2210 paulopost
801 2126 919 2183 mortuo
947 2119 1088 2182 successit
1118 2118 1291 2196 Germanus,
1323 2121 1413 2184 etiam

323 2240 426 2300 corma
454 2232 658 2315 imperatorem
689 2237 719 2292 et
742 2223 945 2301 Gerebertum,
975 2222 1092 2286 irritans
1118 2229 1230 2287 statuta
1255 2245 1358 2287 eorum
1383 2231 1413 2288 et

323 2340 500 2405 confirmans
515 2341 626 2399 statuta
641 2330 786 2416 Gregorii.

367 2444 432 2508 Rex
447 2441 613 2526 Anglorum
630 2436 807 2502 Guilielmus
832 2434 965 2509 moritur,
982 2440 1013 2497 et
1031 2432 1174 2496 successit
1190 2433 1217 2496 ei
1233 2432 1413 2498 Guilielmus

322 2547 488 2631 liliusejuS,
502 2543 598 2607 dictus
618 2565 668 2605 rex
693 2541 799 2618 Rulus,
826 2546 856 2604 et
879 2538 1014 2624 regnavit
1036 2536 1121 2601 XIII
1133 2538 1227 2601 annis.
1269 2538 1308 2601 In
1319 2539 1414 2603 Dacia

323 2659 390 2736 post
427 2649 517 2712 Suein
546 2644 686 2710 successit
711 2643 872 2721 Haroldus,
898 2643 948 2727 qui
975 2641 1054 2725 leges
1080 2650 1110 2704 et
1132 2642 1209 2726 jura,
1239 2663 1305 2725 quae
1335 2641 1412 2706 alius

323 2752 473 2818 Haraldus
487 2755 638 2827 statuerat,
662 2749 857 2812 confirmavit.
928 2745 1011 2811 Huic
1037 2747 1176 2810 successit
1198 2746 1296 2825 Onud,
1323 2747 1414 2812 irater

322 2858 397 2941 ejus,
413 2855 464 2940 qui
491 2877 584 2940 quum
608 2861 736 2939 parasset
760 2852 913 2936 navigium
939 2859 1042 2916 contra
1066 2851 1216 2936 Angliam,
1230 2851 1321 2916 frater
1336 2853 1411 2938 ejus,

324 2959 414 3037 Olali,
445 2965 566 3044 captans
595 2956 689 3042 plebis
714 2956 956 3034 benevolentiam,
994 2955 1078 3020 dedit
1105 2957 1246 3020 exercitui
1283 2954 1414 3021 abeundi

323 3062 481 3127 licentiam.
541 3061 630 3127 Unde
645 3061 734 3126 lrater
748 3062 812 3144 ejm
825 3060 917 3124 iratus
932 3059 1012 3122 misit
1026 3081 1096 3123 eum
1112 3061 1214 3124 comiti
1228 3059 1359 3124 Rcberto
1374 3060 1414 3124 ad

323 3165 491 3230 custodiam
505 3165 537 3230 in
551 3164 699 3230 Flandria.
753 3164 896 3241 Tandem,
912 3165 993 3248 regis
1008 3162 1192 3228 exactoribus
1207 3165 1413 3248 grassantibus

322 3269 356 3335 in
394 3268 520 3356 plebem,
562 3269 783 3333 insurrexerunt
811 3267 844 3341 in
885 3289 963 3345 eum,
995 3289 1147 3352 quousque
1176 3278 1287 3353 martyr
1314 3269 1412 3333 factos

324 3372 520 3438 occumberet.
565 3372 646 3437 Olafl
665 3395 744 3450 veru,
768 3371 817 3436 cui
838 3371 984 3436 successio
1006 3379 1194 3456 competeret,
1217 3374 1365 3457 captivato
1381 3375 1413 3438 in

323 3475 473 3553 Flandria,
500 3476 588 3540 frater
612 3476 674 3561 ejus
689 3475 832 3540 Nicolaus
858 3477 971 3561 primus
985 3485 1053 3561 post
1067 3499 1135 3541 eum
1151 3499 1272 3561 regnare
1287 3478 1413 3556 distulit,

324 3602 417 3664 quum
431 3579 509 3643 inter
524 3601 573 3642 eos
588 3601 623 3642 ex
637 3578 775 3643 condicto
786 3579 945 3664 juramenti
969 3587 1153 3658 convenerat,
1169 3591 1206 3644 ut
1224 3583 1319 3666 major
1341 3591 1414 3648 natu

324 3692 393 3770 post
409 3683 500 3748 alium
515 3705 628 3770 semper
643 3691 787 3770 regnaret.
831 3685 976 3748 Nicolaus
990 3686 1082 3769 igitur
1095 3686 1213 3750 fratrem
1229 3710 1317 3751 suum
1333 3689 1418 3753 Olaff

323 3788 467 3874 promissa
493 3790 617 3871 pecunia
639 3788 783 3868 liberavit,
809 3790 906 3854 lactus
920 3788 1005 3853 obses
1030 3812 1084 3875 pro
1109 3813 1152 3854 ea.
1198 3790 1297 3861 Quem
1323 3815 1417 3876 quum

322 3897 412 3959 frater
426 3893 566 3958 liberatus
588 3894 681 3958 nollet
694 3894 845 3973 redimere,
869 3896 952 3959 omni
968 3904 1099 3980 tempore
1115 3897 1183 3959 vitae
1198 3919 1260 3960 suae
1283 3896 1415 3962 afflictus

320 3999 495 4064 esturedine
506 3999 591 4063 lamis
601 4009 630 4062 et
641 3999 825 4084 pestilentia.
841 4001 924 4064 Huic-
933 4003 1073 4066 successit
1083 4001 1231 4065 Henricus
1241 4001 1333 4066 frater
1342 4004 1417 4088 ejus,

323 4103 368 4167 vir
383 4102 489 4182 bonus,
506 4103 557 4188 qui
579 4104 611 4168 iu
632 4104 728 4189 Cypro
743 4104 840 4169 insula
859 4105 1008 4170 confessor
1021 4105 1163 4170 discessit.
1220 4106 1262 4172 Et
1276 4108 1419 4172 successit
