3042 5134
324 496 367 559 td
770 490 918 559 Rsoonu
939 488 974 559 N
976 510 1044 559 rost

325 659 441 727 Grandi
467 666 569 727 monte
594 658 683 726 vellet
715 660 799 725 laicis
829 660 999 726 clericatum
1029 661 1094 746 ejus
1130 660 1243 725 ordinis
1270 658 1424 749 subjicere.

326 765 535 851 Coniugerunt
549 786 651 845 omues
668 763 730 827 iere
752 762 852 828 clerici
877 762 916 829 ad
930 763 1092 849 gloriosum
1124 762 1301 857 Philippum
1328 786 1426 849 regem

327 870 471 950 Rauda,
485 870 539 953 qui
562 890 614 944 eos
638 868 771 953 suscepit
791 867 920 953 benigne
945 874 976 933 et
999 868 1171 947 honorifice,
1198 878 1229 934 et
1243 892 1299 955 pro
1325 892 1427 938 eorum

324 970 447 1055 optione
471 968 688 1055 commendauit
715 970 756 1035 ad
780 976 899 1056 tempus
931 991 985 1055 per
1024 969 1157 1035 abbatias
1181 972 1214 1035 in
1239 972 1428 1059 Cisterciensi

324 1072 449 1154 Ordine.
1396 1056 1405 1159 J

368 1174 485 1248 Eodem
516 1178 648 1259 tempore
675 1172 835 1239 declinavit
874 1173 962 1237 etiam
995 1174 1158 1239 monastica
1186 1175 1304 1261 religio,
1336 1198 1427 1261 quum

321 1277 482 1361 praecipue
520 1276 666 1341 columnae
694 1276 758 1361 ejus
783 1275 860 1354 dua,
885 1276 1022 1341 videlicet
1048 1278 1255 1343 Cistercieosis
1279 1277 1375 1345 abbas
1398 1288 1427 1343 et

322 1378 538 1457 cluniacensis,
553 1378 607 1463 qui
631 1379 714 1463 priua
728 1375 766 1441 ab
779 1377 965 1442 ecclesiarum
981 1402 1104 1443 suarum
1118 1379 1295 1445 fundatione
1310 1404 1426 1467 semper

324 1482 482 1555 sanctitate
505 1488 537 1545 et
559 1479 783 1565 magnificentia
805 1488 1032 1565 aspernarentur
1057 1482 1245 1566 episcopatus
1268 1482 1424 1569 recipere5

327 1605 405 1648 nova
421 1582 584 1667 cupiditate
598 1588 792 1666 proeamantes
807 1605 900 1647 meam
914 1604 1004 1666 quam
1018 1590 1159 1663 acetrum,
1173 1584 1245 1648 iacti
1261 1592 1334 1649 sunt
1348 1587 1427 1671 epis·

325 1686 405 1770 copi,
419 1685 623 1750 cisterciensis
638 1684 816 1749 Atrebatum
832 1691 862 1749 et
877 1685 1082 1751 Cluniaceusis
1097 1686 1245 1751 Ostiensis
1259 1688 1426 1753 Cardinalia

326 1787 494 1873 episcopus,
521 1809 690 1871 nomenque
714 1786 852 1851 similiter
876 1794 907 1851 et
929 1788 1055 1871 gratiam
1070 1788 1274 1873 perdiderunt,
1290 1799 1427 1876 respectu

325 1889 435 1955 laveris
449 1910 538 1973 quem
561 1889 644 1974 priua
669 1888 843 1953 habuerant.
911 1890 969 1955 Sed
993 1897 1026 1955 et
1051 1892 1218 1955 communis
1242 1900 1340 1957 status
1363 1900 1426 1959 tam

322 1994 453 2058 virorum
477 2015 567 2077 quam
581 1992 742 2057 mulierum
754 1993 788 2056 in
803 1993 949 2058 desideria
965 2016 1027 2058 snae
1043 1994 1139 2058 carnis
1154 1996 1286 2059 evanuit.
1342 1999 1425 2061 Aac·

321 2104 372 2161 tus
395 2102 441 2161 est
466 2096 547 2160 enim
574 2095 665 2161 luxua
690 2096 821 2160 vestium
846 2096 878 2160 iu
901 2096 1098 2176 immensum
1125 2108 1321 2181 aggravatum
1347 2122 1423 2165 onus

322 2223 481 2281 armorum,
496 2208 527 2265 et
540 2222 669 2285 expensa
682 2200 818 2265 militaris
833 2201 1043 2285 sumptuosior.
1090 2201 1307 2286 Gastrimargia
1321 2202 1424 2288 multi·
1507 2250 1508 2253 η

323 2305 435 2393 plicata
464 2305 633 2370 diversitate
664 2304 799 2369 ciborum
821 2310 852 2367 et
883 2310 1010 2388 potuum
1036 2309 1067 2367 et
1100 2302 1358 2383 salsamentorum,
1393 2314 1424 2369 et

323 2408 458 2473 omnium
491 2407 743 2473 irritamentorum
774 2406 853 2491 gulae
885 2405 1025 2471 varietate
1046 2404 1195 2471 distentae.
1240 2406 1426 2471 Liberalium

323 2512 412 2577 etiam
448 2509 614 2575 studiorum
658 2509 796 2574 exercitia
843 2514 1027 2573 evanuerunt
1063 2507 1219 2573 occasione
1271 2508 1424 2573 ambitiosi

324 2619 467 2699 quaestus,
490 2610 631 2695 obqoem
652 2611 783 2675 curritur
805 2608 843 2675 ad
864 2610 944 2695 leges
967 2607 1058 2673 seculi
1079 2616 1110 2673 et
1131 2608 1250 2674 decreta
1271 2616 1303 2673 et
1324 2610 1425 2695 physi-

324 2740 401 2783 cam.
459 2717 571 2781 Divina
605 2738 725 2801 quoque
759 2714 871 2801 pagina
908 2715 1055 2800 neglecta.
1110 2714 1282 2780 Excaecavit
1319 2715 1424 2779 oculus

321 2820 491 2907 principum
506 2819 608 2883 fumus
621 2819 757 2897 luxoriae,
783 2826 819 2883 ut
832 2818 865 2883 in
881 2816 1029 2882 masculos
1043 2820 1138 2901 magis
1153 2839 1242 2901 quam
1257 2818 1292 2880 in
1313 2839 1421 2881 sexum

322 2922 511 2990 imminiunm
532 2920 625 2985 libido
646 2920 844 3007 despumaret
888 2920 955 2984 Nec
976 2920 1076 2985 minos
1097 2919 1183 2984 ardor
1204 2918 1366 2984 mulierum
1386 2920 1420 2985 in

324 3048 398 3091 sexu
411 3047 467 3090 suo
482 3024 718 3109 degeneraverat
763 3024 899 3088 Fncrrmt
911 3024 990 3086 enim
1002 3020 1151 3107 prioribus
1166 3019 1272 3085 dicbus
1291 3043 1418 3086 summae

321 3132 487 3196 sacerdotes
508 3130 542 3194 in
563 3127 654 3194 sacris
675 3127 776 3213 Priapi
796 3126 826 3190 io
872 3125 1035 3191 Occidente
1080 3171 1365 3189 ......
1398 3126 1421 3167 ³*

320 3256 388 3319 quae
417 3233 513 3298 multa
544 3231 721 3296 liberalitate
753 3230 840 3295 famae
875 3251 938 3293 suae
960 3228 1102 3292 damnum
1131 3228 1243 3292 frustra
1275 3227 1421 3292 redimere

317 3342 433 3408 conat-m
457 3341 537 3399 sunt
582 3334 722 3397 Similiter
743 3338 775 3395 et
810 3332 842 3401 iu
864 3330 928 3395 aliis
949 3330 1050 3415 reguis
1071 3329 1136 3394 aliae
1168 3329 1335 3393 servierunt
1357 3330 1425 3395 Deo

319 3437 475 3521 tentiginis
495 3437 527 3499 in
550 3436 707 3519 utriusque
728 3455 817 3498 sexus
831 3432 983 3497 abusione.

363 3538 422 3602 His
444 3537 539 3621 igitur
559 3535 646 3599 malis
670 3533 890 3619 ingruentibus,
913 3533 1010 3598 multa
1033 3533 1203 3597 inciderunt
1227 3532 1366 3598 difficilia
1389 3541 1421 3597 et

318 3637 451 3714 crudelia
463 3645 495 3702 et
508 3636 684 3723 periculosa,
698 3644 734 3701 ut
745 3635 900 3701 discordiae
911 3658 1081 3721 regnorum,
1098 3642 1214 3720 strages
1226 3635 1421 3720 populorum,

318 3742 443 3807 taran
468 3740 627 3826 impiomm
649 3761 823 3818 numerosae,
850 3744 881 3803 et
904 3738 1062 3803 schismata
1085 3760 1287 3825 perversorum
1321 3738 1418 3803 homi-

320 3865 406 3909 nom.

323 4020 327 4024 ,
365 3946 426 4012 His
452 3944 566 4026 diebus,
583 3945 731 4012 Joacrsnr
758 3943 881 4029 quidam
908 3942 1071 4008 monachus
1085 3943 1297 4023 cisterciensis,
1325 3942 1420 4020 aiere

626 4118 642 4149 ⁹
650 4114 737 4168 There
748 4114 773 4168 is
784 4113 848 4167 here
856 4130 877 4167 a
887 4113 976 4167 hiatus
988 4112 1016 4166 in
1030 4113 1075 4166 the
1089 4112 1148 4165 MS.
