3042 5134
331 419 372 479 88
770 411 916 478 Rursum
930 409 1034 477 Nroar

332 589 451 656 demum
465 599 605 672 tauquam
620 583 753 670 privatus
769 589 942 648 moreretm.
988 582 1110 648 Mortuo
1125 603 1194 648 vero
1210 590 1305 667 patre,
1322 585 1430 670 spreuit

333 717 401 760 eum
425 692 565 758 hibertus
592 689 849 774 archiepiscopus,
866 684 955 764 unde,
972 694 1078 750 vocato
1093 709 1170 772 papa
1193 686 1385 766 Innocentio,
1401 700 1432 752 ut
1501 702 1502 723 I

332 797 488 866 Albertum
512 794 659 881 dejiceret,
686 801 716 858 et
738 813 801 856 uon
837 789 1010 876 praevaluit,
1026 797 1057 855 et
1083 800 1264 876 congregato
1302 793 1428 858 concilio

333 903 411 990 quod
428 903 464 968 ad
489 901 646 966 concilium
669 899 751 964 venit
766 897 910 962 Albertus
925 919 994 961 cum
1021 904 1104 962 tanta
1118 898 1309 978 fortitudine,
1327 907 1362 965 ut
1376 923 1429 965 uec
1501 954 1502 961 ,

333 1031 410 1095 papa
452 1029 507 1072 uec
534 1005 695 1091 imperator
722 1009 825 1088 posset
853 1010 982 1066 statuere
1014 1001 1074 1066 nisi
1105 1009 1251 1086 quatenus
1288 1003 1430 1068 Albertm

334 1111 523 1198 permitteret.

373 1215 514 1301 Philippo
538 1213 603 1297 regi
628 1211 811 1276 Francorum
836 1216 953 1275 mortuo
977 1210 1119 1274 successit
1144 1209 1316 1276 bodonicus
1340 1211 1422 1276 iilius

331 1321 404 1408 ejus,
416 1320 468 1405 qui
482 1333 620 1384 strenuus
635 1316 722 1380 armis
737 1313 847 1398 regalia
861 1336 916 1379 sus
929 1313 1091 1399 plurimum
1106 1314 1268 1399 ampliavit.

380 1423 426 1488 Eo
441 1433 581 1506 tempore,
594 1420 669 1486 ultio
682 1418 792 1484 Divina
804 1418 884 1502 ignis
899 1439 988 1482 sacrae
1001 1417 1138 1482 occiduas
1152 1427 1249 1503 partes
1274 1419 1384 1483 invasit
1398 1427 1426 1483 et

333 1537 462 1592 cometes
488 1526 633 1610 apparuit,
652 1521 783 1606 dirigens
797 1521 894 1585 radios
908 1542 1010 1586 versus
1025 1524 1181 1600 Austrum,
1198 1522 1424 1609 conjicientibus

333 1631 481 1715 aliquibus
510 1629 627 1711 siguum
659 1627 721 1690 iore
749 1625 947 1711 expeditionis
975 1625 1085 1690 futuroe
1113 1625 1302 1711 imperatoris
1326 1636 1428 1692 versus

334 1735 472 1798 Ruinam.
533 1731 615 1796 Abiit
641 1732 719 1796 euim
743 1730 781 1794 ad
807 1728 969 1794 sedandum
996 1729 1178 1807 scandulum,
1206 1730 1287 1814 quod
1315 1731 1430 1796 diutius

333 1837 501 1903 obtinuerat
511 1835 590 1899 inter
600 1834 838 1900 Hildebraudum
853 1844 883 1898 et
893 1856 1072 1899 successores
1088 1835 1151 1920 ejus
1166 1845 1270 1898 contra
1285 1833 1428 1900 Gereber-

332 1948 399 2006 tum
407 1968 416 2020 ;
444 1939 522 2004 uude
537 1949 634 2004 ortum
650 1938 707 2004 luit
721 1938 893 2002 scandalum
908 1938 987 2003 iuter
1001 1938 1158 2023 imperium
1169 1947 1199 2002 et
1214 1938 1428 2015 sacerdotium,

332 2045 494 2132 Privilegia
507 2045 595 2122 euim,
622 2067 688 2128 quae
712 2043 878 2108 habuerant
901 2044 1091 2128 imperatores
1119 2067 1137 2108 a
1160 2050 1295 2129 tempore
1315 2043 1423 2122 Caroli,

333 2150 422 2238 paulo
436 2150 503 2236 plus
529 2169 617 2234 quam
631 2147 745 2213 LXIII
769 2147 1008 2232 Apostolicorum
1026 2145 1219 2232 temporibus,
1237 2147 1275 2211 de
1297 2146 1420 2211 iuvesti-

331 2255 416 2333 turis,
433 2254 536 2318 statuit
563 2251 711 2318 Pascbalis
726 2251 885 2329 exinanire,
902 2251 1004 2316 diceus
1018 2251 1091 2316 laica
1108 2274 1197 2316 mauu
1218 2252 1426 2316 eeclesiastica-

333 2383 401 2426 rum
412 2382 509 2426 rerum
523 2359 726 2424 investituram
739 2355 805 2422 iieri
816 2379 876 2422 non
891 2355 1005 2422 debere.
1022 2357 1112 2422 Unde
1120 2365 1151 2422 et
1160 2361 1428 2425 excommunicavit

333 2473 363 2529 et
386 2464 577 2529 investientes
601 2473 630 2527 et
644 2461 835 2526 investitutus
860 2483 952 2526 mauu
976 2461 1059 2527 laica.
1103 2461 1217 2526 Verum
1241 2469 1345 2547 postea
1358 2487 1425 2528 cou-

334 2569 445 2634 fractus
457 2577 503 2632 eat
516 2589 601 2652 papa,
618 2565 689 2630 adeo
705 2572 739 2629 ut
753 2565 786 2629 iu
801 2564 923 2630 ecclesia
939 2565 1163 2651 Apostolorum,
1179 2567 1257 2642 iuter
1271 2567 1427 2632 missarum

332 2671 482 2747 solemnia,
498 2677 566 2754 post
581 2668 764 2752 evangelium
774 2669 895 2747 lectum,
914 2669 1084 2754 imperatori
1099 2678 1241 2734 coronato
1256 2677 1327 2736 ante
1338 2671 1427 2737 altare

335 2772 458 2837 tradidit
473 2794 547 2856 papa
572 2771 760 2856 privilegium
786 2772 823 2836 de
846 2773 1038 2850 investituris,
1055 2780 1090 2836 ut
1104 2773 1194 2837 libare
1209 2795 1261 2858 per
1283 2776 1428 2840 annulum

335 2883 366 2939 et
382 2874 519 2938 baculum
534 2873 617 2938 daret
630 2875 817 2960 episcopatus
840 2883 874 2940 et
887 2874 1018 2941 abbatias
1033 2883 1063 2940 ct
1078 2875 1150 2940 alios
1165 2877 1292 2941 honores
1307 2879 1427 2943 ecclesi·

334 2979 451 3056 asticos,
467 2986 497 3042 et
520 2984 555 3043 ut
577 2979 719 3044 catholice
744 2980 909 3064 acciperent
934 2980 971 3045 ab
996 3003 1032 3045 eo
1056 2989 1231 3065 potestatem
1259 2981 1425 3048 ordinandi.

335 3082 391 3148 Sed
419 3089 450 3146 et
464 3082 544 3147 idem
569 3083 778 3148 confirmatum
792 3091 838 3148 est
854 3083 973 3148 datione
983 3085 1114 3170 corporis
1129 3092 1159 3148 et
1174 3084 1338 3168 sanguinis
1353 3086 1429 3151 Jesu

335 3186 457 3266 Christi,
481 3187 599 3273 expleto
626 3187 754 3252 Oenone.
815 3186 864 3252 Ad
878 3188 1131 3252 confirmationem
1157 3188 1238 3272 pacis
1254 3189 1369 3255 factum
1385 3196 1429 3255 est

333 3291 414 3356 istud
431 3291 478 3356 die
494 3290 626 3356 Pascha·
691 3292 731 3356 Et
745 3291 823 3355 torte
837 3301 950 3376 postea,
967 3291 1004 3360 ad
1019 3292 1069 3357 irae
1082 3292 1199 3356 Divinae
1215 3293 1427 3372 ostensionem,

334 3403 440 3458 exusta
462 3401 507 3458 est
541 3393 663 3459 ecclesia
688 3392 792 3458 Sancti
825 3394 989 3474 Michaelis,
1022 3395 1059 3461 de
1092 3395 1222 3480 periculo
1246 3397 1333 3462 maris
1367 3398 1425 3462 iul-

336 3505 449 3582 gurata.
484 3497 543 3562 Sed
566 3497 746 3578 Baldericus,
769 3497 976 3564 Lauduneusis
998 3499 1162 3585 episcopus,
1185 3501 1269 3565 nisus
1291 3522 1428 3566 revocare

335 3602 413 3666 cives
448 3624 466 3666 a
501 3610 682 3668 sacramento
726 3624 879 3688 perperam
910 3603 1016 3688 juratae
1052 3602 1328 3670 communicationis
1357 3626 1427 3668 cou-

335 3703 433 3768 Iossus
456 3713 500 3768 est
531 3704 639 3790 gladio,
673 3714 703 3772 ot
734 3715 838 3791 postca
858 3729 997 3771 succensa
1019 3706 1124 3770 domus
1146 3706 1221 3791 ejus,
1243 3715 1274 3770 et
1295 3705 1427 3784 ecclesia,
1504 3696 1505 3699 Ἴ

336 3813 367 3872 et
388 3808 488 3873 omniu
509 3809 536 3873 ei
557 3810 762 3896 appendentia.
816 3811 855 3874 Iu
878 3810 965 3896 hujus
986 3817 1085 3876 tamen
1107 3809 1246 3874 facinoris
1265 3810 1427 3875 vindictam

332 3913 455 3998 egregie
491 3913 697 3979 animadvertit
744 3937 795 3979 rex
832 3914 1021 3979 Francorum.
1094 3913 1151 3978 Sed
1188 3913 1278 3978 etiam
1315 3923 1429 4000 segetes

336 4014 448 4082 aduste
470 4025 549 4098 suut,
573 4025 603 4084 et
623 4019 713 4084 fames
746 4025 777 4084 et
798 4018 960 4084 mortalitas
989 4019 1083 4083 multa
1114 4018 1214 4084 statim
1246 4017 1429 4106 subsequuta

339 4126 394 4186 est.
