3042 5134
1288 9 1300 21 v
1345 11 1387 14 ”--
1408 11 1413 14 ι

1502 477 1503 492 l

1502 495 1503 506 r

1502 561 1503 572 r

330 684 483 749 invonitur
498 685 531 748 in
547 683 674 768 legenda
688 683 768 748 beati
783 684 930 768 Gregorii.
975 685 1050 750 Post
1065 685 1228 751 adventum
1244 683 1433 754 Guremundi

331 789 385 870 qui
408 787 595 869 [sacunnnu
610 806 783 850 nrsroarau
799 787 985 869 Barrosuu]
1004 810 1130 872 regnum
1153 789 1236 854 dedit
1251 792 1428 868 Saxonibns,
1502 787 1503 846 l

331 889 416 951 venit
429 888 623 983 Augustinus
636 889 669 952 in
686 888 827 973 Angliam
843 888 1002 972 praedicare
1014 890 1136 953 verbum
1152 891 1211 954 Dei
1220 894 1306 976 genti
1322 894 1433 978 Anglo·

331 1012 409 1068 rum,
425 1011 503 1053 anno
525 990 563 1053 ab
586 991 790 1054 incarnatione
819 991 940 1054 Domini
963 991 1127 1069 DXCoVo,
1152 1015 1230 1057 anno
1251 995 1432 1077 apostolatus

332 1089 411 1156 beati
433 1091 571 1174 Gregorii
593 1090 685 1174 Papoe
702 1098 819 1174 quarto,
843 1091 982 1156 Maurioii
1007 1093 1200 1176 Imperatoris
1217 1094 1354 1170 XIIIIo,
1371 1117 1431 1179 reg·
1502 1089 1503 1134 l

331 1201 422 1257 nanto
444 1194 477 1256 in
492 1192 598 1258 Contio
612 1193 799 1258 Ethelbricto
815 1194 867 1276 qni
891 1193 984 1256 filiam
1000 1193 1078 1277 regis
1094 1194 1277 1258 Francorum
1293 1195 1433 1259 Christis·

332 1317 400 1358 nam
410 1295 534 1359 duxerat
541 1296 574 1358 in
585 1317 715 1359 uxorem.
731 1294 845 1358 Eodem
858 1301 991 1378 tempore
1001 1295 1090 1358 occisi
1102 1303 1173 1359 sunt
1183 1296 1265 1358 mille
1277 1299 1342 1360 200
1354 1319 1432 1360 mon·-

334 1398 400 1462 achi
409 1397 489 1482 apud
505 1399 625 1482 Bengor
641 1396 767 1482 jubante
782 1396 946 1460 Etheberto
962 1419 1042 1480 rege,
1057 1398 1128 1480 quia
1142 1399 1307 1462 noluerunt
1317 1399 1434 1464 obedire
1502 1439 1503 1448 κ

329 1499 416 1564 beato
432 1501 613 1583 Augustino.
675 1500 769 1562 Anno
785 1499 870 1562 XIII
884 1499 1021 1562 Valentis
1036 1500 1221 1582 imperatoris
1237 1501 1312 1564 IIII
1327 1510 1430 1585 gentes

329 1602 458 1685 Scythiae
481 1602 662 1664 transierunt
684 1599 870 1676 Danubium,
894 1601 1006 1663 scilicet
1027 1600 1130 1676 Gothi,
1154 1594 1326 1684 Ypogothi,
1360 1603 1431 1685 Gip·

336 515 398 579 136
754 509 900 580 Eanucsr
915 509 1017 584 Nrcar

206 1697 212 1706 .
329 1705 423 1788 pides,
449 1702 599 1768 Wandali.
643 1703 690 1766 Ex
713 1704 759 1766 his
783 1710 975 1768 surrexerunt
996 1725 1087 1786 regna
1109 1725 1175 1786 quae
1198 1725 1339 1786 magnam
1359 1705 1429 1768 fidei
1502 1707 1503 1714 ξ

329 1806 589 1889 persequutionem
620 1812 824 1882 exercuerunt,
856 1805 967 1868 scilicet
982 1827 1107 1888 reguum
1135 1804 1430 1889 Westrogotthorum

329 1908 477 1990 subrogo
500 1907 618 1972 Alarico
642 1909 694 1991 qui
717 1909 842 1971 Romam
865 1907 953 1990 cepit,
977 1915 1008 1970 et
1029 1929 1155 1991 regnum
1179 1908 1428 1990 Estregothorum

327 2009 384 2075 sub
407 2010 558 2075 Geiserieo
581 2014 630 2096 qui
654 2013 792 2077 similiter
824 2014 947 2078 Romam
982 2015 1071 2098 oepit,
1103 2021 1133 2077 et
1170 2015 1428 2096 persequutionem
1502 2077 1503 2106 ,

327 2112 360 2178 in
396 2115 493 2180 Africa
527 2115 698 2182 Catholicns
739 2113 851 2196 intulit,
890 2125 920 2182 et
957 2140 1083 2202 regnum
1119 2109 1336 2182 Wandalorum
1374 2118 1428 2184 sub
1502 2115 1503 2126 ³

328 2218 482 2282 Hunerico
510 2240 600 2302 rege:
628 2216 821 2304 Langobardi
852 2219 904 2304 qui
934 2219 1058 2286 Guimili
1087 2219 1254 2284 aDinavia
1282 2229 1314 2284 et
1338 2223 1428 2286 Scou·
1502 2207 1503 2276 l

328 2343 405 2404 auga
434 2318 587 2386 venientes
618 2323 649 2386 in
674 2321 839 2400 Gothland,
862 2331 995 2408 tempore
1018 2323 1194 2401 «iustiniani
1218 2331 1366 2390 venerunt
1399 2325 1428 2388 in
1502 2321 1503 2386 l

329 2420 523 2501 Pannoniam,
545 2421 737 2510 postmodnm
759 2449 830 2490 vero
852 2426 885 2490 in
907 2426 1035 2491 Italiam.
1502 2425 1503 2500 l

373 2527 577 2609 [Drsrmcrro
598 2528 780 2591 Rncnoaun
795 2548 833 2590 nr
848 2527 1094 2593 Errscoaarunn
1109 2527 1270 2608 Ausara]
1502 2509 1503 2588 l

369 2627 507 2711 Regnum
531 2629 707 2693 cantiorum
734 2631 794 2694 fnit
824 2631 856 2694 in
881 2630 1001 2708 Cantia,
1025 2629 1057 2692 in
1081 2646 1141 2712 qno
1163 2628 1223 2692 duo
1246 2630 1331 2693 luere
1353 2631 1426 2715 epis·

326 2737 450 2814 copatus
483 2731 702 2795 Cantuariensis
739 2739 770 2796 et
804 2733 964 2798 Roiiensis.
1018 2727 1158 2816 Regnum
1193 2730 1426 2796 Westsaxonnm

324 2831 383 2894 fuit
404 2831 436 2894 in
457 2832 659 2910 DerenessIre,
677 2833 815 2911 Derceto,
838 2835 1015 2911 Smnersete,
1035 2828 1197 2909 wiltesira,
1223 2832 1424 2910 Euthantune,

326 2933 452 3010 Surreie,
476 2933 617 3011 sudsexe,
640 2935 819 2998 Berchmire.
864 2929 923 2998 Hic
943 2935 1130 3019 episcopatus
1149 2933 1178 2995 V
1189 2961 1198 3012 3
1221 2933 1425 3008 Ciocstrensis,

197 3077 201 3085 ·
325 3030 550 3110 Wintoniensis,
575 3034 845 3116 schireburnensis,
866 3035 1051 3113 Orietununr,
1074 3029 1246 3098 Wellansis.
1285 3033 1424 3118 Regnum

325 3131 508 3201 Marciorum
552 3138 586 3201 iu
627 3135 863 3214 Hereiordesirc,
908 3133 1164 3212 anneiordesire,
1222 3135 1424 3212 WarwicsIrc,

323 3233 567 3318 Wirccestresire,
584 3239 861 3322 Bukingehamsire‚
871 3232 1183 3321 Northaniptunesire,
1201 3235 1421 3299 Hactendone·

323 3341 391 3418 sire,
426 3337 580 3405 dimidium
616 3338 843 3412 Hertiordesire,
869 3336 1066 3423 Solopesbirc,
1089 3336 1259 3408 Cestrcsire,
1288 3336 1421 3420 Noting·

324 3441 459 3517 hamsire,
490 3441 693 3520 Staiordesire,
735 3441 914 3515 Dercbisire,
951 3437 1215 3524 Leghecestresiro‚
1251 3437 1419 3502 Liudcseia.

323 3542 520 3629 Episcopatus
552 3542 648 3624 IIII3
685 3541 892 3622 Dorcacensis‚
926 3544 979 3627 qui
1015 3560 1097 3606 nunc
1133 3541 1295 3605 translatus
1325 3541 1422 3604 estin

321 3641 569 3725 lincolniensem,
588 3640 825 3718 Hereiordensis,
844 3639 1061 3728 wigornensis,
1078 3640 1297 3705 Ooventrensis.
1342 3641 1421 3724 Reg-

319 3754 398 3810 num'
416 3747 582 3831 Anglorum
612 3749 645 3812 in
667 3745 874 3829 Grantcbrige‚
907 3738 1044 3818 Noriolc,
1068 3739 1200 3806 Sudlolc.
1257 3741 1419 3825 Episcopa-

250 3992 254 3997 -
318 3950 457 4034 Regnum
479 3951 627 4014 Saxonum
659 3951 691 4013 in
713 3951 849 4027 Estsene,
873 3947 1048 4022 Midelsexe,
1080 3933 1235 4017 dimidium
1258 3943 1416 4008 Herelord.

318 4050 515 4136 Episcopatus
538 4075 615 4117 unus
637 4051 864 4119 Loudoniensis.
932 4049 1070 4132 Regnum
1091 4044 1355 4110 Northimbrorum
1379 4044 1417 4108 ab
1502 4093 1503 4098 η

1502 2773 1503 2822 l

1502 2831 1503 2894 l

319 3855 369 3912 tus
392 3849 410 3911 I
421 3876 431 3927 3
454 3849 662 3927 Norwicensis,
685 3857 716 3912 et
737 3870 805 3932 pars
835 3846 1053 3912 Lincolniensis
1088 3866 1154 3927 quae
1183 3849 1229 3908 est
1257 3839 1419 3906 Heliensis.

315 4151 452 4218 Humbrc
465 4154 502 4217 ad
514 4155 653 4232 Scoriam,
667 4155 860 4238 Episcopatus
873 4151 943 4216 IIII
956 4149 1151 4216 Eboracensis
1166 4147 1406 4213 Dunhilmensis
1502 4099 1503 4176 l
