3042 5134
549 371 741 442 Cuaouroou
756 379 802 443 IL
1151 388 1212 448 149

112 566 209 629 usque
238 544 277 608 ad
309 541 457 610 Hiberum
489 567 618 623 amnem,
657 548 709 630 qui
738 549 890 613 Navarros
919 549 1024 614 hortus
1059 557 1090 615 et
1124 573 1212 636 agros

112 645 270 729 Hispaniae
290 667 392 710 secans
409 645 466 710 sub
488 646 604 711 deserto
625 671 657 712 se
676 649 806 714 civitatis
830 671 930 715 muros
944 651 1095 717 Balearica
1109 653 1213 718 influit

110 747 196 824 mari,
220 754 290 830 post
315 747 434 812 Italiam
460 756 615 834 totamque
643 749 682 814 ab
710 752 851 836 Augusta
879 755 1018 837 praetoria
1043 754 1211 819 Calabriam

111 848 282 914 interiorem
296 849 329 912 in
343 872 402 934 qua
416 850 656 916 Beneventorum
670 859 701 916 et
716 853 889 918 Graeeorum
905 861 1021 918 constat
1036 877 1100 920 esse
1117 856 1211 920 conli-

110 951 172 1029 nia,
184 950 281 1016 decies
290 952 315 1015 O
325 960 356 1016 et
370 975 405 1017 eo
416 954 542 1037 amplius
556 977 698 1039 passuum
710 956 832 1020 milibus
841 957 1027 1041 longitudine
1041 960 1210 1044 porrigitur,

112 1053 192 1116 Turn
207 1054 335 1118 Saxonis
356 1077 424 1139 quae
444 1055 610 1120 Germaniae
626 1079 693 1140 pars
708 1064 763 1135 est,
784 1065 815 1121 et
830 1059 893 1143 ejus
916 1081 982 1144 quae
998 1083 1015 1125 a
1029 1061 1152 1125 Drancis
1167 1062 1213 1125 iu-

113 1153 233 1231 colitur,
248 1155 374 1239 duplum
387 1157 418 1220 in
428 1156 489 1221 lato
503 1157 611 1222 habere
626 1164 757 1242 putatur,
773 1182 865 1244 quum
876 1161 903 1224 ei
917 1160 1105 1246 longitudine
1119 1163 1214 1247 possit

115 1278 181 1320 esse
201 1257 374 1322 consimilis.
418 1259 493 1322 Post
513 1281 601 1342 quam
619 1266 775 1344 utramque
791 1261 984 1340 Pannoniam,
998 1269 1027 1326 et
1040 1265 1167 1348 positam
1181 1264 1214 1328 iu

114 1357 208 1422 altera
227 1359 359 1423 Danubii
379 1358 443 1444 ripa
464 1361 597 1440 Daciam,
635 1360 791 1440 Histriam,
815 1361 1000 1441 Liburniam,
1023 1364 1214 1441 Dalmatiam,

111 1483 216 1524 omnes
245 1459 382 1526 barbaras
411 1463 554 1541 nationes,
581 1485 647 1547 quae
693 1463 770 1527 inter
801 1463 920 1528 Renum
952 1471 983 1528 et
1011 1486 1154 1528 oceanum
1188 1472 1219 1530 et

116 1561 291 1627 Danubium
321 1565 425 1648 positae
463 1571 543 1643 sunt,
582 1564 652 1629 fecit
689 1564 868 1644 tributaries,
907 1565 1018 1630 scilicet
1046 1566 1215 1645 Veletabos,

115 1664 254 1741 Sorabos,
269 1665 441 1744 Abodritos,
461 1667 637 1744 Boemauos,
652 1674 830 1752 caeterasque
848 1690 973 1751 quarum
1000 1667 1095 1732 multo
1120 1669 1214 1753 major

116 1789 259 1831 numerus
288 1775 333 1831 est
361 1768 391 1831 iu
424 1768 604 1832 deditionem
642 1770 766 1853 accepit.
826 1770 921 1832 Auxit
956 1776 1102 1854 praeterea
1131 1770 1215 1856 regni

114 1868 242 1954 gloriam
259 1869 439 1955 quibusdam
453 1869 585 1954 regibus,
610 1877 644 1934 ut
659 1871 817 1936 Asturiciae
839 1877 869 1934 et
885 1870 1018 1936 Galliciae
1041 1871 1149 1936 Scotiae
1163 1893 1217 1956 per

117 1972 276 2036 amicitiam
299 1972 355 2036 sibi
376 1972 546 2050 concilians,
568 1979 598 2036 et
619 1974 722 2036 Aaron
743 1995 814 2056 rege
835 1973 991 2036 Persarum
1015 1979 1113 2036 toturn
1139 1996 1215 2058 pene

117 2073 262 2136 orientem
291 2080 421 2152 tenente,
451 2080 574 2158 excepta
602 2073 702 2151 India,
732 2075 785 2159 qui
812 2075 839 2138 ei
868 2096 957 2158 quem
989 2080 1063 2137 tuuc
1091 2075 1215 2139 unicum

116 2173 226 2239 habuit
252 2175 334 2238 misit
358 2175 555 2260 elephantem,
579 2182 610 2239 et
635 2175 734 2240 locum
758 2175 886 2260 sepulcri
913 2174 1065 2239 Dominioi
1090 2181 1125 2238 ut
1151 2177 1215 2261 ejus

115 2276 257 2360 potestati
284 2275 478 2341 ascriberetur
506 2276 649 2360 promisit.
709 2277 808 2341 Multa
841 2276 912 2341 fecit
941 2277 1059 2360 palatia,
1090 2285 1121 2340 et
1149 2273 1215 2340 XII

115 2377 303 2455 monasteria,
314 2390 345 2442 et
359 2385 480 2462 pontem
489 2378 622 2487 ligneqm
630 2384 712 2442 tram
724 2379 843 2442 &uum
853 2379 883 2441 D
894 2400 1035 2461 passuum
1045 2377 1214 2462 Magontio.

115 2479 190 2544 Erat
213 2479 246 2544 in
260 2480 397 2545 amicitiis
411 2481 521 2564 optime
542 2485 732 2564 temperatus,
756 2487 790 2544 ut
810 2502 860 2544 ees
881 2479 967 2544 facile
987 2479 1164 2556 admitteret,
1186 2491 1217 2543 et

112 2582 352 2646 constantissime
366 2583 514 2646 retineret.
571 2583 612 2646 In
634 2581 797 2666 peregrinis
821 2580 1015 2665 suscipiendis
1038 2581 1081 2644 ita
1103 2579 1216 2644 cilicio-

112 2705 175 2762 sus,
202 2692 237 2748 ut
266 2683 430 2748 multitudo
455 2706 567 2762 eorum,
597 2707 660 2748 non
687 2683 784 2748 solum
814 2683 933 2768 palatio,
963 2681 1014 2747 sed
1055 2690 1085 2744 et
1122 2702 1216 2766 regno

115 2786 268 2850 videretur
281 2809 412 2851 onerosa.
474 2787 592 2850 Peritos
606 2787 638 2850 iu
659 2785 860 2870 grammatica,
881 2785 1036 2861 rhetorica,
1053 2783 1215 2861 dialectica,

117 2888 286 2972 astrologia,
316 2895 466 2974 compotu,
499 2887 663 2952 Ecclesiam
684 2909 771 2952 mane
794 2893 824 2950 et
854 2908 974 2972 vespere
995 2884 1217 2970 ingrediebatur

117 2990 204 3054 valde
218 3013 341 3054 monens
359 2990 485 3074 nequid
500 2989 532 3053 in
546 3012 581 3054 oa
598 2989 738 3053 indecens
751 2989 921 3072 linquerent
936 2988 1048 3054 aeditui.
1084 2986 1218 3052 Clericus

115 3100 148 3158 et
162 3092 261 3156 ultimi
281 3092 394 3156 ordinis
408 3092 522 3176 privato
536 3090 642 3155 habitu
661 3091 827 3154 ministrare
847 3113 909 3153 non
928 3089 1068 3172 permisit.
1095 3089 1218 3172 Semper

116 3194 218 3278 gladio
240 3195 389 3260 accinctus
410 3201 482 3258 erat.
526 3193 680 3256 Nunciato
702 3192 788 3256 obitu
810 3190 934 3256 Adriani
958 3190 1046 3272 Papae
1068 3188 1153 3252 llevit
1182 3211 1216 3252 ac

117 3298 144 3361 si
164 3304 278 3381 patrem
295 3297 451 3361 amisisset.
493 3296 610 3360 Uxores
631 3302 691 3358 tres
705 3293 829 3371 babuit,
844 3293 940 3376 primo
955 3292 1047 3355 liliam
1072 3289 1219 3354 Desiderii

118 3403 207 3486 regis,
241 3407 310 3486 post
344 3399 558 3483 Hudegardam
589 3405 711 3462 matrem
748 3396 896 3460 Ludovici
918 3395 959 3458 K.
991 3395 1025 3458 P.
1055 3393 1218 3458 Hortrudis

122 3506 212 3568 Berte
237 3503 335 3578 (lillis,
354 3501 549 3587 posthabuit
571 3499 745 3564 Dastradam
773 3505 898 3562 matrem
917 3496 1066 3561 Theodori
1092 3495 1219 3580 Hyltru·

72 3633 76 3640 ¹
118 3606 174 3670 dis.
231 3606 277 3669 ux
299 3604 472 3670 concubinis
486 3612 545 3667 tres
564 3601 668 3667 babuit
682 3602 782 3680 filios,
803 3601 882 3665 filias
903 3600 1035 3664 lanificio
1052 3620 1219 3663 assuescere

117 3709 200 3785 iecit,
224 3730 261 3771 ue
294 3707 359 3771 otio
386 3712 548 3790 torperent.
610 3703 734 3788 Absque
755 3703 827 3768 filiis
861 3710 892 3766 et
913 3701 1033 3766 iiliabus
1065 3721 1217 3782 uunquam

118 3810 254 3874 ooenabat
287 3809 367 3873 domi
389 3809 515 3893 positus.
564 3806 789 3890 adequitabant
818 3805 846 3871 ei
879 3803 945 3882 lilii,
978 3809 1009 3867 et
1039 3799 1108 3865 liliae
1141 3822 1221 3884 pone

118 3910 328 3996 sequebantur.
373 3910 474 3975 Unam
495 3909 587 3974 solam
619 3907 779 3992 copularit.

165 4013 252 4080 Sedit
273 4013 336 4078 Iseo
355 4013 464 4083 IIIIus
478 4012 531 4095 qui
547 4010 700 4076 statuitne
717 4008 791 4092 quid
813 4030 831 4073 a
855 4005 992 4072 veniente
1014 4003 1052 4069 ad
1075 4000 1221 4087 synodum
