3042 5134
534 535 727 602 Canonrcon
750 533 779 601 l.
1161 536 1202 601 47

89 712 267 791 munificus,
282 717 314 777 et
328 711 454 797 patiens.
500 709 558 775 Ille
573 707 820 774 consobrinarum
836 707 959 794 nuptias
972 707 1132 773 interdixit
1139 736 1149 789 3
1173 715 1206 772 et

91 817 173 904 apud
188 812 482 898 Constantinopolim
497 819 544 876 est
558 811 734 878 tumulatus.

133 918 306 986 Theodosio
321 917 463 982 successit
477 915 626 980 Arcadius
637 927 710 979 'cum
724 915 816 980 tratre
830 937 885 979 suo
901 914 1048 993 Honorio,
1064 937 1145 980 anno
1165 914 1205 980 ab

92 1022 307 1088 Incarnatione
321 1019 444 1084 Domini
459 1019 534 1084 OOC
548 1018 750 1102 nonagesimo,
766 1024 799 1082 et
817 1018 974 1102 imperavit
994 1018 1080 1082 XIII
1105 1018 1202 1084 annis}

92 1126 228 1190 Rulinus
244 1129 418 1209 procurator
432 1122 492 1186 fuit
505 1121 626 1186 Arcadii
646 1122 678 1186 iu
700 1120 835 1207 partibus
857 1121 999 1200 Orientis,
1015 1127 1046 1185 et
1066 1121 1204 1200 Stilicho,

93 1217 236 1305 Honori,
266 1227 300 1290 in
327 1223 464 1310 partibus
499 1223 683 1290 Occidentis.
730 1223 831 1288 Multa
860 1223 894 1287 in
924 1223 1030 1288 diebus
1059 1224 1123 1288 suis
1152 1246 1206 1308 per

93 1330 222 1398 rebelles
244 1337 274 1394 et
297 1328 456 1394 seditiones
476 1327 664 1414 pertulerunt
686 1326 831 1392 difficilia.
885 1327 944 1393 Sed
972 1327 1071 1391 Patris
1101 1327 1206 1392 merita

93 1436 121 1498 ei
136 1435 327 1519 profuerunt,
339 1455 433 1517 quum
447 1432 536 1496 variis
551 1430 756 1496 occasionibus
771 1453 875 1496 eorum
888 1430 1001 1494 inimici
1016 1431 1204 1496 interierunt.

93 1537 236 1618 Roilns,‡
275 1536 337 1600 dux
383 1535 521 1621 Scythiae,
560 1534 737 1599 fulminat-us
782 1541 861 1615 est„
892 1533 1115 1616 Bedagmins,tl
1152 1555 1206 1597 rex

95 1641 295 1717 Gottlrorum,
333 1639 385 1723 qui
431 1637 590 1702 monachos
628 1637 754 1701 militare
791 1636 899 1720 coegit,
936 1637 1111 1700 interiectus
1147 1643 1204 1700 est.

95 1743 247 1818 Alaricus,
269 1765 323 1806 rex
349 1748 380 1806 et
407 1741 547 1826 magister
572 1740 679 1805 Palatii
702 1739 917 1818 Occidentalis,
939 1740 992 1824 qui
1015 1739 1206 1812 Eutherium,

94 1845 195 1909 lilium
221 1844 403 1922 Stilichonis,
430 1845 637 1928 imperatorem
660 1844 755 1908 lacere
771 1842 957 1922 moliebatur,
973 1843 1132 1908 defunctus
1147 1850 1204 1920 est,

94 1949 181 2032 eique
213 1949 356 2012 successit
385 1945 564 2024 Adevullus,
591 1947 644 2030 qui
673 1947 802 2012 Rumam
829 1945 965 2030 arripuit,
991 1953 1022 2010 et
1051 1945 1203 2010 Placidam

97 2072 230 2114 sororem
248 2050 366 2114 Arcadii
382 2050 469 2135 cepit,
487 2057 518 2114 et
532 2049 619 2114 duxit
634 2051 666 2114 in
680 2072 815 2114 uxorem.
838 2109 842 2118 ,

141 2154 249 2218 Romae
265 2155 408 2219 successit
432 2155 573 2220 Damasia
596 2155 730 2234 Sinicius,
748 2157 800 2240 qui
815 2153 1032 2240 poenitentibus
1046 2155 1078 2218 in
1093 2154 1202 2218 ultimo

97 2256 240 2322 viaticum
266 2257 363 2341 parari
392 2259 550 2343 prmcepit3
567 2266 597 2322 et
612 2260 639 2323 ei
671 2259 856 2337 Anastasius,
888 2268 919 2321 et
940 2258 968 2322 ei
997 2258 1227 2340 Innocentius.¹

98 2359 319 2445 Hierosolymis
345 2360 423 2426 sedit
438 2361 567 2446 Gyrillus
576 2389 585 2441 ;
604 2363 781 2440 Antiochiae,
797 2360 957 2446 Porphyrii
978 2383 1131 2425 successor
1145 2362 1204 2424 fnit

97 2461 268 2528 Alexander
276 2490 285 2540 ;
302 2463 571 2549 Constantinopoli,
591 2465 611 2528 J
613 2464 745 2529 ohannes
767 2463 1008 2549 Clrrysostomus,
1025 2463 1078 2546 qui
1090 2485 1199 2528 exosus

98 2567 267 2650 Augusteetl
282 2590 385 2651 passus
398 2574 443 2632 est
459 2567 504 2632 his
518 2568 639 2634 exilium
648 2595 657 2646 3
670 2569 702 2632 iu
718 2590 778 2653 quo
795 2574 825 2631 et
836 2567 916 2632 diem
925 2565 1010 2630 obiit.
1056 2565 1105 2630 Ad
1116 2567 1204 2651 cujus

97 2669 139 2731 rei
154 2667 319 2732 vindictam
336 2669 449 2753 grando
472 2672 616 2755 percussit
637 2671 772 2756 patriam,
787 2678 819 2735 et
831 2693 913 2735 mors
928 2671 1109 2754 Augustam.
1153 2670 1201 2734 Eo

99 2792 219 2856 quoque
235 2779 367 2856 tempore
379 2780 517 2838 mortuus
531 2779 578 2838 est
591 2783 621 2837 et
637 2774 764 2838 Sanctus
776 2773 939 2851 Martinus,
951 2778 983 2837 et
996 2773 1102 2837 floruit
1116 2771 1201 2837 Don-

102 2881 182 2952 atus,
200 2875 253 2958 qui
269 2874 428 2940 draconem
442 2883 532 2961 sputo
547 2877 607 2941 oris
622 2877 669 2942 sui
683 2877 840 2942 interiecit.
1090 2883 1093 2890 '

143 2971 295 3038 Merovoeo
310 2975 451 3050 successit
465 2974 649 3040 Childericus
665 2998 755 3061 snper
768 2977 909 3042 Francos.
954 2977 1095 3058 Arcadio,
1110 3000 1205 3062 quum

100 3081 254 3157 regnasset
274 3075 360 3142 XIII
378 3099 473 3142 annos
494 3099 563 3142 cum
583 3085 667 3163 patre
693 3101 749 3144 suo
775 3086 806 3144 et
829 3080 1009 3146 cumfratre
1031 3102 1090 3146 suo
1114 3081 1205 3160 XIV,

101 3178 245 3242 successit
269 3179 465 3259 Theodosius,
487 3181 570 3246 tilius
592 3203 665 3246 suus
687 3181 772 3246 VIll
794 3204 952 3248 annorum.
998 3183 1044 3246 Eo
1068 3188 1205 3268 tempore

143 3486 158 3544 ἵ
180 3483 299 3554 Romus]
314 3483 431 3536 General
444 3484 475 3537 of
482 3484 528 3536 the
540 3484 664 3538 Nomade
678 3485 837 3556 Scythians,
857 3487 923 3540 obiit
934 3491 996 3541 425.

141 3585 162 3646 il
184 3587 389 3658 Rnnnnoasrus]
437 3589 480 3642 He
501 3590 609 3642 entered
632 3590 702 3661 Italy
724 3591 787 3644 with
810 3596 926 3658 200,000
945 3612 1015 3661 men,
1029 3598 1077 3652 but
1099 3600 1212 3664 Stilicho

104 3670 227 3726 defeated
239 3675 280 3727 lris
293 3693 376 3745 army,
393 3684 442 3746 put
453 3677 509 3728 him
523 3685 549 3729 tc
564 3677 652 3742 death,
667 3677 720 3730 and
734 3677 792 3730 sold
804 3678 848 3732 the
859 3679 1002 3750 prisonem.

142 3783 153 3842 {l
174 3781 328 3850 Aucusrn]
344 3779 400 3833 The
414 3799 491 3834 name
505 3781 535 3834 of
544 3783 667 3852 Angusta
678 3800 732 3837 was
745 3784 802 3836 first
814 3784 894 3854 given
908 3794 936 3839 tc
952 3787 1028 3840 Livia
1045 3789 1090 3842 the
1109 3791 1168 3845 wife
1182 3795 1211 3848 ot

103 3862 247 3934 Angustus,
261 3867 315 3919 and
330 3868 491 3932 afterwards,
503 3869 530 3921 in
546 3871 676 3922 imitation
695 3869 788 3934 other,
806 3871 852 3923 the
869 3873 965 3926 female
975 3876 1102 3942 relations
1118 3881 1149 3930 of
1164 3881 1209 3934 the

105 3948 246 4020 Emperors
257 3953 380 4006 assumed
389 3953 432 4006 the
446 3957 806 4026 sameappellation.Tnc1r.
822 3961 896 4012 Anu.
915 3961 963 4024 xii,
978 3966 1021 4014 26.
1035 3981 1080 4026 κν,
1091 3968 1137 4017 23.
1151 3965 1209 4020 The

104 4037 225 4105 Augusta
235 4037 263 4089 in
275 4038 319 4091 the
328 4047 386 4092 text
395 4057 448 4092 was
456 4041 500 4094 the
508 4059 624 4112 ernpress
634 4043 766 4106 Eudoxio,
777 4044 835 4099 wife
843 4034 874 4098 o't'
879 4048 1017 4112 Arcadius,
1032 4050 1090 4113 nhc
1100 4068 1211 4119 procur·

106 4121 138 4174 ed
149 4122 341 4192 Chrysostom's
353 4127 525 4181 banishment
537 4146 572 4180 on
585 4137 700 4183 account
712 4131 743 4184 cf
751 4131 798 4184 hie
808 4133 958 4203 oppositioni
972 4143 1000 4187 to
1009 4135 1054 4188 the
1063 4136 1217 4200 erectiones

106 4207 154 4261 her
165 4219 260 4262 statue.
1077 4216 1079 4222 '
