3042 5134
319 512 382 579 190
729 511 879 578 Rruuurr
900 512 1004 580 Nrcar

319 689 480 774 imperator
494 687 607 752 Rufino
623 686 764 772 magistro
779 707 833 752 suo
851 691 882 752 et
895 686 970 750 terit
985 707 1049 752 eam
1065 685 1200 751 rotundis
1215 687 1421 756 marmoribus.

320 791 517 877 Temporibus
531 797 629 856 aulem
644 790 665 852 J
668 788 809 855 ustiniani
825 790 941 875 Magni,
963 790 996 854 iu
1012 789 1117 874 quinto
1133 812 1211 854 anno
1225 792 1344 878 imperii
1366 795 1422 866 sui,

319 902 389 980 post
401 893 637 959 interiectionem
652 915 719 978 quse
732 893 811 958 lacta
832 892 890 958 luit
903 892 936 956 in
950 892 1156 978 hippodromo,
1172 894 1204 958 in
1220 917 1281 978 quo
1301 895 1423 960 luerunt
1505 961 1508 968 ,

320 997 468 1063 interfecti
491 997 652 1062 XXXVM
675 996 840 1073 hominum,
855 996 1010 1080 inspiravit
1023 997 1107 1061 Deus
1128 1005 1258 1063 mentem
1280 1022 1364 1064 suam
1387 1007 1423 1064 ut

322 1100 484 1166 aedificaret
494 1099 554 1164 tale
562 1099 705 1184 templum
715 1099 800 1182 quale
812 1121 873 1162 non
885 1099 943 1162 luit
954 1103 1157 1164 constructum
1169 1100 1206 1165 ab
1218 1101 1316 1168 Adam
1327 1124 1421 1186 usque

321 1205 354 1266 in
368 1201 544 1267 hodiernum
559 1202 648 1266 diem·
690 1202 856 1266 Constituit
878 1209 975 1266 autem
999 1203 1189 1268 Justinianus
1209 1205 1369 1289 magistros
1387 1207 1423 1269 de

322 1308 404 1372 omui
419 1313 480 1371 arte
491 1313 629 1386 centum3
644 1305 773 1371 habebat
781 1329 860 1370 unus
872 1307 997 1391 quisque
1008 1329 1109 1372 eorum
1119 1309 1268 1393 operarios
1280 1317 1401 1374 centurn
1413 1337 1422 1388 3
1516 1327 1517 1332 ’

322 1411 452 1496 laetique
467 1416 537 1475 sunt
551 1432 654 1475 omnes
667 1410 857 1474 fabricatores
867 1410 943 1476 XM.
972 1408 1116 1494 Quinque
1131 1411 1222 1475 millia
1231 1411 1423 1477 aedificabant

322 1513 455 1578 dextram
467 1520 578 1599 partem
590 1513 704 1599 templi,
717 1520 746 1577 et
761 1513 828 1577 VM
843 1514 1000 1591 sinistram,
1016 1519 1052 1576 ut
1067 1516 1200 1579 venirent
1214 1537 1282 1578 cum
1299 1515 1423 1600 festina-

318 1617 441 1680 tioneet
455 1621 659 1680 construerent
673 1637 749 1700 opus
764 1615 833 1692 cito,
849 1615 929 1699 quod
940 1621 1229 1700 construxeruntper
1244 1639 1340 1681 annos
1356 1618 1416 1696 IX,

320 1719 439 1783 duobus
447 1716 598 1782 mensibus
611 1717 721 1781 minua.
781 1717 942 1801 Quumque
957 1723 1159 1781 constructum
1175 1724 1252 1782 esset
1265 1719 1423 1803 templum,

321 1822 443 1885 intravit
455 1821 615 1904 imperator
628 1819 660 1883 in
680 1819 825 1904 templum
847 1841 915 1883 cum
936 1820 1090 1904 pontifice,
1110 1827 1140 1883 et
1154 1841 1274 1884 cuneus
1289 1822 1424 1886 ascendit

323 1923 406 1987 solus
417 1923 450 1986 in
463 1921 627 2000 lectorium,
653 1921 814 2006 levansque
834 1943 938 1985 manus
958 1943 1027 1985 suas
1051 1944 1168 1986 sursum
1185 1921 1270 2001 dixit,
1288 1923 1423 1988 “Gloria

322 2025 389 2089 Deo
404 2025 456 2109 qui
469 2024 594 2110 dignum
608 2025 686 2088 dixit
699 2043 747 2087 me
761 2023 902 2108 perlicere
920 2024 976 2088 hoe
996 2023 1105 2110 opus.'’
1149 2024 1191 2088 Et
1206 2023 1280 2088 dixit
1303 2025 1423 2104 iterum,

324 2129 424 2194 “Vici
438 2136 479 2206 te,
495 2128 663 2194 Salomon.”

365 2233 440 2298 llrut
452 2233 552 2317 itaque
567 2232 588 2296 J
589 2232 774 2297 ustianianus
794 2233 954 2318 imperator
968 2231 1029 2297 fide
1049 2231 1220 2310 catholicus,
1236 2233 1269 2297 in
1284 2231 1423 2318 operibus

323 2341 432 2414 rectus,
447 2335 478 2399 in
490 2335 610 2421 judiciis
622 2337 731 2422 justus,
747 2334 875 2420 ideoque
890 2336 918 2400 ei
928 2336 1028 2400 omnia
1037 2334 1253 2401 concurrebant
1262 2336 1295 2399 in
1307 2341 1420 2400 votum.

323 2439 417 2525 Cujus
431 2438 546 2524 imperii
567 2461 646 2503 anno
669 2437 906 2522 quintodecimo
928 2437 1026 2502 extitit
1048 2437 1196 2522 Agapitus
1212 2437 1355 2502 Romanae
1376 2459 1422 2501 ec·
1516 2489 1517 2514 ,

324 2540 420 2605 clesiae
440 2541 586 2625 pontifex,
606 2547 642 2604 ut
656 2540 898 2625 supradiximus,
923 2540 975 2624 qui
990 2539 1248 2624 Constantinopoli
1263 2539 1423 2604 celebrarit

324 2649 457 2708 sanctam
470 2643 604 2727 quintam
617 2642 769 2728 Synodum
781 2648 883 2706 contra
894 2642 1034 2706 Severum
1046 2649 1077 2706 et
1088 2640 1110 2704 J
1112 2641 1244 2706 ulianam
1257 2641 1420 2706 haereticos.

324 2746 363 2810 ln
400 2767 458 2828 qua
491 2745 604 2830 synodo
641 2743 800 2808 Antimum
837 2743 1199 2828 constantinopolitanum
1244 2743 1417 2829 episcopum

325 2847 470 2912 haereticis
494 2847 642 2911 faventem
666 2845 847 2930 degradavit.
892 2846 1024 2931 Agapito
1050 2852 1169 2910 mortuo
1194 2853 1350 2932 promotus
1377 2852 1422 2910 est

325 2949 433 3014 Romae
446 2972 522 3034 papa
537 2948 678 3013 Silverius
699 2950 784 3012 aunis
808 2949 847 3012 V·
868 2949 942 3013 Post
957 2949 1023 3014 haec
1043 2948 1232 3014 Justinianus
1253 2950 1421 3034 imperator,

324 3053 436 3118 xxxo
449 3050 564 3136 imperii
578 3051 625 3115 sui
640 3073 728 3124 anno,
743 3049 781 3115 ab
803 3051 948 3115 Anthimo
970 3071 1060 3136 supra
1074 3051 1154 3115 dicto
1166 3051 1304 3136 episcopo
1319 3051 1423 3117 seduc-

322 3161 371 3218 tus
382 3154 470 3239 eoepit
485 3153 630 3218 declinare
644 3153 819 3218 acatholica
832 3152 893 3218 lide
909 3180 916 3218 :
940 3153 1021 3218 unde
1035 3154 1116 3218 misit
1130 3152 1283 3241 epistolam
1301 3154 1424 3220 Silverio

322 3281 406 3343 papae
420 3258 463 3322 ita
475 3256 623 3341 inquiens,
640 3262 661 3292 “
673 3259 735 3320 Aut
757 3255 795 3321 ad
809 3279 865 3321 nos
887 3278 925 3322 ne
939 3256 1088 3342 pigriteris
1110 3256 1219 3335 venire,
1243 3261 1297 3322 aut
1319 3279 1424 3322 revoca

321 3361 499 3426 Anthimum
528 3359 700 3444 episcopum
728 3359 760 3424 in
789 3359 888 3424 locum
917 3357 1037 3424 suum.”
1092 3359 1182 3430 Quod
1213 3381 1306 3444 quum
1330 3360 1426 3424 lacere

322 3465 495 3542 recusdsset,
521 3463 675 3527 Silverium
697 3461 853 3548 indignata
874 3463 1014 3547 Augusta
1036 3461 1334 3546 Constantinopoleos
1356 3485 1425 3548 apo·

323 3565 474 3630 crisarium
489 3573 520 3629 et
532 3565 604 3630 fecit
618 3565 777 3630 Silverium
790 3565 875 3628 indui
889 3565 993 3628 tunica
1009 3563 1169 3628 monachili
1183 3569 1213 3628 et
1224 3562 1305 3648 apud
1319 3564 1424 3628 Ponti-

323 3690 410 3734 anam
424 3667 550 3733 insulam
564 3668 653 3734 exilio
668 3667 826 3754 deportari.
848 3667 979 3752 Vigilius
1001 3689 1120 3752 quoque
1140 3666 1168 3732 ei
1183 3667 1325 3743 suecessit
1339 3667 1425 3730 annis

325 3773 433 3850 XVII,
458 3771 611 3837 mensibus
640 3772 699 3847 Vl,
729 3770 834 3836 diebus
863 3770 984 3849 XXVI,
1015 3769 1064 3834 cui
1085 3769 1252 3834 Theodosia
1272 3769 1425 3834 mandavit

324 3882 464 3962 Angusta
477 3883 513 3940 ut
534 3876 713 3942 Anthimum
734 3880 884 3940 revocaret
905 3874 1050 3940 inlocum
1073 3895 1171 3938 suum.
1195 3873 1237 3937 At
1252 3871 1383 3956 Vigilius
1399 3871 1426 3936 ei

325 3979 476 4066 rescripsit
498 3984 519 4015 “
529 3979 701 4058 Quomodo,
716 3978 836 4042 domina
858 3979 1008 4062 Auguma
1030 3977 1181 4041 hominem
1202 3975 1378 4040 haereticum
1391 3974 1425 4038 in

325 4081 424 4147 sedem
462 4103 547 4148 suam
581 4104 716 4147 revocare
751 4081 863 4166 possim
899 4081 951 4164 qui
979 4080 1084 4144 merito
1114 4080 1147 4144 in
1184 4101 1238 4144 sua
1267 4077 1425 4143 damnatus

325 4193 371 4252 est
380 4185 515 4272 nequitia
524 4183 565 4251 i’'
588 4184 680 4261 Quod
696 4205 790 4270 quum
805 4182 934 4249 audisset
943 4183 1052 4268 regina,
1065 4182 1094 4246 vi
1109 4181 1248 4266 praecepit
1263 4180 1301 4246 ad
1316 4203 1349 4246 se
1360 4201 1427 4246 eum
