3042 5134
496 505 689 580 Onaonroon
713 509 741 579 1.
1149 521 1192 585 so

116 680 258 750 Paschali
272 705 359 769 papo
373 683 516 748 acmessit
541 680 689 761 Gelasiua
704 689 735 748 et
757 681 786 748 ai
810 681 954 762 calixtus,
976 690 1008 749 et
1029 692 1099 771 post
1120 706 1191 751 eum

81 785 252 862 Honorius,
283 793 313 850 et
342 784 370 850 ei
399 783 608 850 Innocentius.
678 785 811 850 Henrico
838 785 1007 870 imperatori
1047 787 1190 853 successit

80 885 257 966 Lotharins‚
274 894 305 952 et
317 885 474 972 imperavit
489 886 519 950 X
534 885 629 951 aunis.
704 886 848 952 Lothario
863 887 1005 952 successit
1023 887 1189 970 conradus

76 994 107 1052 et
120 988 282 1074 imperavit
299 987 416 1054 XXIII
431 988 525 1052 annis.
551 986 590 1051 In
603 987 695 1052 Dacia
707 988 796 1054 Erico
810 989 1060 1068 successitCnud‚
1074 991 1189 1058 electus

76 1093 281 1154 communiter
293 1089 473 1176 Ibeergisd
490 1088 542 1153 ubi
556 1088 653 1153 solent
666 1111 750 1175 reges
764 1090 843 1176 eligi.
859 1092 1027 1157 Insurrexit
1041 1100 1142 1158 autem
1153 1094 1186 1159 in

78 1213 146 1256 eom
177 1193 284 1270 Sucia,
316 1198 347 1256 et
379 1190 528 1276 adjutorio
557 1190 743 1256 Waldomari
765 1193 960 1277 cognationi
990 1195 1127 1274 invaluit,
1150 1203 1187 1262 ut

75 1292 214 1358 Oanutus
247 1294 388 1358 transiret
416 1293 455 1358 ad
485 1293 656 1358 Gouradum
687 1293 903 1378 Imperatorem
930 1318 986 1381 pro
1023 1296 1182 1382 adjutorio.

76 1395 204 1480 Obtulit
224 1396 320 1482 igitur
342 1395 370 1460 ei
384 1395 567 1480 adjutorium
590 1395 647 1460 sub
675 1395 857 1476 conditione,
874 1403 910 1462 ut
923 1419 1064 1462 coronam
1079 1398 1181 1464 Dacis

76 1499 244 1584 susciperet
258 1498 296 1563 ab
311 1521 357 1562 eo.
390 1496 448 1563 Ille
463 1520 531 1562 vero
545 1498 645 1562 renuit
659 1505 690 1562 et
715 1498 812 1576 rediit,
828 1504 860 1563 et
873 1499 981 1564 accivit
1007 1499 1180 1566 Waldoma·

75 1621 152 1680 rum,
169 1609 334 1686 cognatum
350 1622 448 1679 suum,
472 1601 505 1664 in
533 1622 658 1685 regnum
673 1599 807 1680 socium3
822 1608 854 1665 ct
868 1601 970 1668 statim
981 1603 1179 1668 communiter

78 1703 264 1787 expulerunt
287 1703 390 1767 Sucin.
449 1701 522 1780 Qui,
553 1723 714 1766 conversus
738 1702 778 1766 ad
802 1703 1019 1788 imperatorem,
1043 1705 1178 1789 suscepit

80 1805 117 1869 ab
131 1828 168 1870 eo
183 1827 338 1872 coronam.
383 1806 588 1869 Veruntamen
611 1827 673 1870 nou
694 1805 851 1890 praevaluit
872 1807 1032 1892 imperator
1056 1807 1094 1872 ad
1119 1808 1184 1893 ejus

75 1909 308 1972 restitutionem.
364 1906 455 1972 Cnad
482 1929 552 1971 vero
583 1914 613 1971 ct
651 1907 874 1988 Waldomarus,
916 1915 1062 1974 amatores
1091 1910 1180 1993 pacis,

75 2010 190 2076 miserti
204 2009 438 2095 perturbationis
454 2010 558 2088 suain,
573 2009 650 2074 inito
666 2009 775 2074 loedere
788 2011 879 2094 pacis,
894 2010 1080 2076 admiserunt
1107 2033 1177 2076 eum

75 2113 106 2178 in
121 2117 244 2180 tertiam
257 2123 372 2200 partem
387 2115 481 2199 regni.
505 2115 585 2186 Quia
599 2138 669 2180 vero
684 2115 778 2195 locus,
794 2117 846 2183 ubi
861 2117 957 2182 foedus
971 2118 1123 2183 firmatum
1133 2126 1181 2184 est

75 2219 153 2282 inter
168 2241 232 2298 eos,
248 2218 372 2283 vicinior
386 2226 449 2282 crat
463 2218 571 2282 ditioni
585 2218 684 2297 Onud,
700 2220 778 2284 etin
791 2242 828 2284 ea
841 2227 940 2285 essent
954 2207 1058 2285 multae
1068 2220 1182 2304 regales

77 2319 199 2394 deliciae,
214 2319 354 2384 inritavit
375 2343 426 2384 eos
439 2319 537 2398 Guud,
562 2326 598 2384 ut
623 2343 691 2386 cum
721 2343 756 2384 eo
770 2321 1007 2406 perendinareut‚
1022 2329 1054 2388 et
1067 2323 1181 2387 deliciis

75 2429 160 2488 terrae
176 2447 242 2490 suae
256 2425 435 2489 fruerentur·
459 2423 562 2494 Quum
576 2423 670 2508 igitar
683 2430 785 2489 tantos
799 2425 931 2510 hospites
944 2425 1027 2509 regia
1041 2425 1181 2510 magnifi-

76 2527 173 2592 centia
203 2534 237 2592 et
264 2525 379 2591 liberali
407 2526 581 2610 frugalitate
606 2527 794 2611 suscepisset,
827 2533 858 2591 et
885 2526 1012 2612 simplici
1037 2534 1069 2590 et
1095 2526 1175 2592 bono

76 2629 174 2694 animo
190 2629 235 2694 eis
249 2628 408 2706 scidisset,
432 2649 561 2712 nequam
587 2628 689 2706 Sucia,
716 2629 848 2714 aspirans
872 2628 1022 2694 adtotum
1035 2651 1172 2714 ragnum,

77 2731 264 2796 machinatus
288 2738 334 2796 est
359 2730 508 2815 quomodo
534 2729 682 2814 hospitam
697 2752 784 2794 suum
800 2737 831 2794 et
844 2737 1015 2815 cognatum,
1029 2730 1178 2815 principes

75 2835 168 2918 regni,
183 2833 341 2899 occideret.
397 2831 584 2896 Praestructis
610 2831 702 2916 igitur
712 2831 839 2911 insidiis,
855 2832 893 2896 de
908 2839 998 2896 nocte
1012 2832 1046 2895 in
1059 2854 1111 2896 eos
1124 2832 1173 2896 in·

76 2936 214 3016 surrexit,
229 2942 260 3001 et
284 2935 317 3000 iu
340 2933 473 3000 conclavi
495 2933 783 3000 Christianissimum
799 2956 896 3019 rogem
912 2933 1010 3006 (laud,
1024 2933 1174 3019 hospitem

73 3061 158 3106 suam
189 3047 221 3104 et
244 3044 414 3124 cognatum,
441 3035 559 3114 occidit,
586 3037 664 3101 circa
679 3045 816 3120 quartam
840 3033 996 3101 decimam
1010 3036 1089 3100 diem
1105 3043 1174 3121 post

75 3139 177 3206 initam
192 3163 306 3228 pacem.
354 3139 561 3205 Waldomerus
572 3160 650 3218 vero,
665 3139 795 3223 graviter
808 3137 992 3215 vulneratus,
1007 3137 1057 3202 vix
1072 3138 1176 3216 evasit,

71 3249 101 3306 et
114 3244 293 3328 confugiens
307 3242 344 3308 ad
359 3243 479 3321 amicos,
495 3241 583 3306 Ooud
611 3248 642 3306 et
655 3263 735 3319 suos,
748 3247 853 3304 sanato
879 3239 1000 3305 vulnere
1014 3248 1046 3312 et
1060 3240 1173 3317 instau-

76 3347 290 3425 ratoexercitu,
299 3346 408 3410 invasit
416 3344 625 3430 impiissimum
635 3343 727 3408 Suein
738 3351 769 3408 et
778 3342 909 3423 occidit3
925 3350 956 3407 ct
964 3342 1046 3407 solus
1066 3350 1171 3428 postca

74 3450 219 3532 regnavit,
229 3448 356 3515 crudelis
371 3454 402 3512 et
415 3447 521 3527 lortis3
535 3453 715 3532 propagator
726 3454 826 3510 tamen
838 3444 934 3510 bonus
948 3444 1034 3510 Fidei
1048 3445 1174 3512 curisti·

75 3571 147 3617 anae.
170 3552 310 3636 Regnum
323 3551 508 3636 Rujanornm
521 3550 543 3592 l*
557 3555 588 3613 et
603 3569 701 3633 regem
725 3570 827 3612 eorum
842 3547 943 3633 adegit
969 3546 1034 3611 lieri
1048 3547 1173 3613 Christi-

75 3674 155 3733 anos,
171 3661 203 3719 et
218 3651 274 3718 sibi
289 3652 423 3738 subjecit.
442 3651 585 3716 Firmavit
600 3652 688 3716 etiam
704 3657 834 3716 castrum
850 3651 882 3715 in
907 3651 987 3716 exitu
1013 3651 1125 3730 Daciae,
1141 3658 1173 3715 et

76 3753 116 3820 ita
140 3756 317 3842 praeparavit
341 3755 508 3834 introitum,
537 3761 571 3819 ut
591 3754 694 3818 nullus
719 3775 772 3839 per
797 3760 906 3818 terram
927 3752 1044 3837 ingredi
1066 3759 1169 3837 posset

215 4060 227 4119 t
249 4055 407 4126 Hraaaors]
422 4055 568 4125 Wyhmng,
582 4073 598 4107 a
612 4063 681 4109 town
696 4055 724 4108 in
739 4052 863 4107 Jrrtland.

210 4156 226 4187 ⁸
246 4155 431 4223 ἣιιιιιιοιιιιιι]
444 4153 501 4208 The
514 4153 608 4287 peoplze
620 4155 651 4208 of
659 4153 703 4207 tlte
714 4151 801 4212 island
813 4151 845 4204 ol
854 4150 958 4219 Rugeu.
