3042 5134
568 558 756 622 Gereoniumn
798 557 828 620 l.
1205 557 1224 618 8

171 729 323 794 feminam.
376 728 469 794 Facto
507 728 601 814 igitur
636 728 758 806 diluvio,
790 749 867 791 anno
897 725 956 792 Dc
981 725 1052 790 vitre
1085 723 1166 804 Noe,
1195 730 1227 788 et

174 830 295 896 demum
318 831 406 894 linito
428 853 530 895 mense
553 831 628 909 VII,
649 831 789 894 vicesima
809 829 935 914 septima
957 828 1004 894 die
1024 827 1229 910 1111111111-

173 933 236 996 evit
250 936 337 998 archa
352 956 440 1018 snper
455 941 571 996 montes
587 934 745 998 Armeniae.
790 932 833 996 lu
855 936 956 1017 aperta
976 932 1114 1008 fenestra,
1129 929 1228 994 emisit

175 1057 297 1098 corvum
320 1035 396 1100 XLo
422 1035 481 1100 die.
527 1035 588 1105 Qui
610 1057 702 1118 quum
724 1033 801 1098 forte
822 1056 885 1099 non
910 1033 1053 1112 rediisset,
1076 1032 1173 1096 emisit
1198 1040 1229 1094 et

176 1137 355 1202 columbam.
402 1138 478 1208 Quae
494 1159 584 1222 quum
602 1159 662 1200 non
678 1137 839 1202 invenisset
854 1136 907 1201 ubi
921 1136 1124 1221 requiesceret,
1139 1134 1228 1198 rediit

176 1238 215 1303 ad
248 1241 377 1305 archam.
422 1241 595 1326 Expectatis
625 1240 719 1324 igitur
746 1239 813 1304 VII
843 1238 959 1316 diebrie,
990 1238 1088 1302 emisit
1116 1238 1229 1300 iterum

176 1343 355 1422 columbam,
372 1366 438 1427 quae
453 1350 483 1408 et
496 1345 585 1408 rediit
601 1343 638 1407 ad
654 1345 818 1426 vesperam,
829 1350 952 1425 portans
975 1363 1089 1404 ramum
1100 1340 1186 1404 olivae
1197 1342 1229 1406 in

176 1467 228 1510 ore
243 1469 306 1510 suo
361 1447 463 1510 Exivit
491 1447 584 1530 igitur
613 1445 683 1510 Noe
712 1445 750 1509 de
780 1444 876 1521 archa,
908 1452 939 1508 et
960 1445 1107 1508 aedificato
1136 1444 1232 1519 altari,

177 1547 289 1612 obtulit
315 1548 517 1612 holocaustam
545 1549 687 1612 Domino.
734 1547 795 1618 Qui
827 1547 963 1630 placatus
990 1546 1105 1632 pepigit
1134 1547 1234 1610 l'oedns

179 1673 248 1715 cum
264 1651 326 1728 illc,
341 1651 439 1736 posite
453 1652 491 1715 iri
504 1652 538 1714 in
553 1652 637 1728 coelo,
653 1673 690 1714 ne
707 1650 784 1714 ultra
799 1657 899 1734 pereat
914 1649 1003 1712 homo
1019 1649 1141 1713 diluvio.

224 1754 321 1838 Ooepit
343 1775 414 1838 ergo
435 1751 504 1818 Noe
524 1754 569 1817 vir
591 1752 719 1836 agricola
741 1774 815 1830 asse,
833 1759 864 1815 ct
880 1751 1026 1834 plautavit
1046 1751 1161 1815 vincam
1171 1778 1181 1830 3
1202 1757 1234 1814 et

181 1855 348 1920 inebriatus
378 1857 457 1934 vino,
481 1855 671 1932 obdormivit,
699 1861 730 1919 et
755 1853 887 1918 nudatus
913 1862 960 1917 est
988 1855 1020 1917 in
1042 1853 1236 1917 tabernaculo

181 1981 246 2022 sno.
281 1959 406 2040 ,Videns
435 1964 534 2023 autem
558 1959 651 2023 Cham
682 1956 847 2021 verecunda
875 1957 969 2041 patris
998 1957 1054 2035 sui,
1081 1956 1234 2020 nunciavit

98 2085 102 2096 ·
181 2061 322 2124 iratribus
338 2061 409 2125 suis.
455 2061 525 2140 Qui,
543 2069 692 2125 sumentes
712 2062 845 2146 pallium,
861 2069 940 2127 retro
962 2062 1109 2137 cedentes,
1125 2060 1238 2124 aversis

182 2163 326 2242 vultibus,
342 2170 523 2248 operuerunt
540 2171 654 2248 patrem
675 2185 773 2228 auum.
819 2165 973 2248 Evigilans
995 2164 1089 2247 igitur
1110 2163 1189 2238 Noe,
1205 2170 1236 2226 et

181 2264 305 2328 edoctus
331 2265 412 2348 quod
431 2265 547 2330 fecisset
569 2266 672 2342 Cham,
691 2265 843 2329 maledixit
862 2266 980 2330 Oanaan
1003 2265 1100 2327 tilium
1114 2265 1188 2347 ejus,
1205 2271 1236 2327 et

183 2367 309 2452 subjecit
330 2368 466 2432 servituti
487 2368 611 2431 fratrum
635 2369 708 2452 ejus,
732 2376 761 2432 et
787 2368 938 2430 benedixit
962 2368 1029 2430 Sem
1056 2372 1087 2429 et
1110 2366 1239 2449 taphet.

180 2470 223 2534 m
246 2469 378 2554 impletis
402 2471 474 2554 9502
488 2471 583 2548 111ιί1,
608 2477 742 2534 mortuus
768 2479 821 2532 est.
867 2470 937 2532 Filii
963 2468 1084 2553 daphet,
1110 2468 1233 2545 Gomer,

185 2572 306 2656 Magoa,
334 2572 446 2650 Madai,
477 2573 583 2650 Javan,
614 2572 720 2650 Tubal,
751 2573 867 2650 Mosoc,
899 2573 1031 2656 Thyias,
1061 2593 1098 2634 en
1127 2569 1239 2654 quibus

183 2675 285 2739 multae
308 2683 411 2758 gentes
433 2675 579 2740 exierunt.
624 2675 692 2739 Filii
720 2675 825 2753 (liram,
852 2675 943 2752 Chus,
968 2673 1123 2751 Mesraim,
1143 2673 1239 2750 Phut,

181 2777 323 2857 Cauaan;
353 2777 448 2841 Filius
463 2779 544 2843 Cbus
560 2785 605 2842 est
624 2776 804 2856 Nembrcth,
820 2777 873 2862 qui
893 2777 982 2862 coepit
997 2799 1061 2840 esse
1083 2783 1188 2860 potens
1202 2777 1236 2839 in

184 2887 271 2955 terra,
308 2889 431 2944 venator
465 2880 618 2958 robustus,
657 2887 688 2945 et
722 2903 878 2966 oppressor
911 2879 1076 2955 hominum,
1115 2891 1146 2942 et
1179 2879 1239 2942 fuit

183 2983 364 3068 principium
373 2982 457 3067 regni
466 2984 529 3068 ejus
543 2982 686 3068 Babylon,
699 2991 729 3046 et
738 2983 846 3061 Arath,
857 2989 888 3046 et
903 2983 1022 3060 Archat,
1032 2988 1063 3046 et
1074 2981 1242 3065 Calumpne

186 3084 218 3148 in
234 3091 311 3148 terra
327 3085 467 3150 Sennaar.

228 3186 350 3250 Oanaan
371 3186 475 3270 genuit
498 3186 646 3272 sydonem
669 3193 699 3252 et
720 3187 864 3266 Ethenm,
885 3185 1049 3252 Jebusemn
1072 3209 1189 3270 quoque
1211 3194 1242 3251 et

186 3291 373 3367 Amorreum,
390 3295 420 3352 11
434 3277 642 3374 Gergesseum,
655 3291 850 3374 Erebumque
859 3296 890 3354 et
902 3290 1084 3366 1111111111,
1097 3292 1242 3353 Asmeum

185 3393 233 3456 vel
256 3392 395 3470 Eineum,
419 3393 573 3456 Aradnum
599 3415 717 3478 quoque
739 3400 771 3458 et
793 3395 973 3471 samareum,
997 3402 1028 3456 et
1048 3393 1241 3459 Amatheum.

188 3495 236 3558 De
263 3496 310 3558 his
336 3503 409 3559 ortae
429 3502 501 3559 sunt
523 3502 636 3580 gentes,
660 3519 727 3580 quaa
749 3495 990 3560 inhabitaverunt
1012 3502 1129 3572 terram,
1153 3518 1242 3578 quam

186 3597 269 3662 Deus
284 3597 420 3682 promisit
434 3597 504 3660 liliis
519 3605 622 3682 postea
637 3597 740 3676 Israel,
753 3620 826 3682 quas
841 3606 872 3662 et
885 3598 971 3682 ejecit
988 3619 1087 3661 ocra-m
1101 3597 1156 3660 eis.

110 3723 112 3727 ’
229 3699 300 3762 Filii
316 3700 394 3776 Sem,
415 3699 507 3776 111111,
518 3703 622 3778 Assur,
638 3701 772 3779 Artaxat,
788 3708 819 3764 et
833 3700 912 3778 Lud,
926 3708 956 3764 et
970 3701 1072 3764 Aram
1118 3699 1242 3764 Artaxat

186 3825 255 3867 vero
277 3802 381 3886 gennit
404 3802 480 3880 Sala,
497 3809 527 3866 et
546 3802 607 3879 ille,
624 3801 726 3867 Heber
736 3831 746 3881 3
769 3827 786 3868 a
809 3824 869 3887 quo
885 3810 974 3866 natus
995 3809 1040 3864 est
1059 3802 1169 3866 Phalec
1179 3829 1190 3881 ς
1212 3810 1243 3866 11

187 3906 219 3970 in
245 3904 350 3968 diebus
379 3905 443 3990 ejus
472 3906 566 3970 divisa
587 3911 633 3970 est
661 3912 748 3970 terra.
799 3906 904 3977 Quum
932 3904 970 3970 eb
999 3904 1146 3969 aedificata
1167 3906 1243 3969 turri

186 4007 280 4072 Babel
300 4007 377 4072 11111
400 4017 447 4072 est
471 4009 606 4072 confusio
627 4008 784 4088 labiorum,
805 4010 838 4073 in
859 4010 1003 4073 ultionem
1025 4009 1147 4073 Domini
1169 4031 1240 4072 con-

187 4119 328 4196 temptus,
346 4111 447 4175 Heber
462 4112 598 4196 linguam
611 4113 766 4197 pristinam
782 4121 902 4196 patrum
917 4134 1038 4176 suorum
1052 4110 1194 4189 obtinuit,
1210 4118 1241 4175 et

189 4214 294 4298 genuit
310 4213 377 4278 Rau
399 4214 448 4278 vel
471 4214 596 4298 Ragnel,
620 4215 736 4299 Raguel
757 4216 863 4300 genuit
885 4213 1007 4292 Saruch,
1021 4214 1057 4277 de
1079 4236 1139 4298 quo
1160 4220 1245 4280 ortus

190 4325 236 4382 est
258 4317 390 4393 Nouum,
415 4317 464 4400 qni
492 4317 596 4401 genuit
617 4319 712 4382 ’111111
738 4324 853 4402 patrem
876 4317 1007 4394 Ν111111,
1034 4317 1187 4397 11111111,
1214 4325 1244 4384 et
