3042 5134
283 505 286 512 .
322 448 394 536 to'
502 531 505 538 ,
722 468 870 539 Renum
891 472 995 540 Nmm

320 635 481 704 Cantuaria
504 637 624 720 dieitur,
645 640 794 708 ordinavit
815 643 989 728 episcopum
1002 642 1207 727 Theodorum,
1219 645 1242 688 l*
1270 667 1341 710 enm
1372 645 1427 731 qui

320 740 435 824 scripsit
450 740 581 808 Lrsnmr
595 742 876 823 Pmnrrnnrmrmr,
892 752 923 810 et
936 767 1006 809 oum
1020 746 1085 810 aliis
1099 745 1279 830 quibusdam
1294 749 1378 815 misit
1391 750 1426 812 in

320 844 472 930 Angliam,
489 846 658 914 DOLXIII
672 871 751 914 anno
766 849 805 913 ab
818 850 1035 914 Inearnatioue.

365 949 414 1014 Eo
427 948 489 1016 iera
503 957 644 1036 tempore,
665 951 824 1018 Olodovaso
833 951 898 1018 filio
912 951 1079 1038 Dagoberti
1092 959 1247 1039 regnante,
1261 952 1426 1042 Leodobus

318 1052 486 1118 construxit
507 1053 675 1118 coenobium
689 1055 722 1120 in
742 1077 815 1140 agro
831 1055 1012 1120 Floriaoensi
1032 1061 1063 1120 et
1076 1055 1247 1120 Momolum
1261 1057 1425 1122 constituit

315 1149 463 1222 abbatem.
507 1155 659 1222 Vitaliano
673 1157 814 1222 suecessit
828 1157 1012 1236 Adeodatos,
1027 1164 1059 1221 et
1072 1158 1101 1221 ei
1115 1158 1262 1236 Domnus,
1279 1159 1332 1242 qui
1354 1181 1423 1244 par·

316 1255 432 1322 adisum
457 1264 525 1324 ante
547 1259 693 1344 templum
712 1260 851 1344 Apostoli
873 1260 1045 1324 marmoreis
1059 1261 1165 1324 stmnit
1178 1259 1339 1345 lapidibus.
1382 1262 1424 1326 si

316 1379 387 1424 vero
401 1363 543 1426 suecessit
557 1362 688 1448 Agatho.
732 1391 742 1404 =

359 1475 553 1543 Constantius
575 1478 678 1562 igitur,
700 1497 779 1541 auno
802 1475 840 1541 ab
862 1476 1074 1542 Inearnatione
1095 1477 1221 1541 Domini
1242 1477 1424 1542 DOLXXX

319 1585 434 1642 meatus
467 1578 636 1663 imperator,
666 1579 825 1664 imperarit
859 1580 947 1644 aunis
982 1579 1072 1644 XVL
1110 1579 1176 1643 late
1209 1601 1280 1643 oum
1315 1579 1423 1645 Arabi-

315 1677 373 1743 bus
391 1684 422 1744 et
444 1679 625 1765 Balgaribus
639 1703 742 1764 paoem
756 1681 829 1745 ieoit
852 1682 980 1761 firmam,
995 1686 1027 1745 et
1048 1695 1253 1746 ouramsuam
1277 1684 1419 1767 apposuit

318 1782 519 1847 instaurandis
543 1783 672 1848 ecelesiis
696 1792 726 1848 et
758 1784 947 1850 destruendis
970 1785 1116 1850 baeretiois
1139 1785 1420 1851 Monotbelitarum.

316 1885 407 1951 Unde
428 1894 511 1952 sexta
533 1888 640 1952 Saneta
671 1889 806 1975 Synodos
836 1893 858 1962 †
886 1888 1034 1953 celebrata
1052 1896 1099 1952 est
1118 1887 1264 1953 OOLXX
1289 1896 1422 1974 patrum,

317 2009 396 2054 anno
424 1989 542 2055 XIImo
571 1991 772 2057 Constantini.
819 1992 982 2077 Gregorius
1006 1991 1100 2076 igitur
1122 2004 1170 2056 est
1182 1992 1372 2072 emendatus,
1387 2000 1421 2056 et

352 2337 368 2368 ⁰
385 2335 534 2403 Theodoro,
548 2335 706 2405 archbishop
725 2334 757 2386 of
772 2332 946 2403 Canterburp,
963 2326 1047 2388 wrote
1063 2331 1281 2387 thsPenitential
1298 2333 1419 2405 Prayers.

318 2427 335 2456 ‘¹
349 2423 391 2476 lta
404 2424 457 2476 stris
473 2423 615 2476 virtutibus
632 2420 766 2491 pontificis
779 2418 937 2489 [vitaliani]
948 2419 1061 2488 gratiam
1073 2418 1124 2471 sibi
1141 2418 1303 2483 conciliavit,
1311 2429 1342 2472 ut
1351 2437 1423 2474 anuo
1465 2457 1471 2466 -

318 2511 370 2566 678
383 2528 430 2580 per
444 2527 504 2562 eum
517 2517 623 2562 evectus
635 2507 714 2558 fuerit
723 2506 758 2558 ad
769 2505 988 2558 cantuariensem
996 2505 1025 2557 in
1033 2505 1132 2574 Anglia
1142 2504 1401 2576 archiepiscopatum
1411 2526 1419 2571 ;

319 2596 390 2666 quod
403 2613 508 2659 munus,
533 2592 696 2646 sanctissime
729 2592 879 2662 impletum,
899 2609 971 2643 anno
992 2591 1100 2644 demum
1132 2594 1185 2642 690
1206 2609 1345 2646 unacum
1368 2593 1424 2644 rita

318 2681 449 2752 deposuit.
497 2680 525 2732 ls
550 2688 639 2731 autem
661 2679 721 2742 fuit,
746 2679 792 2748 qui
818 2678 1019 2730 celeberrimum
1043 2677 1282 2730 Poeurrrsrraenrr
1309 2678 1423 2730 Lissum

317 2765 475 2832 composuit,
489 2765 585 2818 sensim
597 2774 692 2834 postea
703 2765 731 2816 iu
753 2782 844 2816 omnes
862 2765 917 2816 fere
936 2763 1125 2815 Occidentales
1140 2763 1266 2815 ecclesias
1282 2763 1422 2827 diffusum,

315 2853 354 2906 ibi
376 2852 522 2904 edisserens
545 2858 627 2920 quota
647 2859 674 2902 et
690 2849 777 2921 qualis
795 2849 954 2919 poenitentia
971 2847 1084 2918 singulis
1102 2848 1220 2918 peccatis
1236 2848 1381 2901 indicenda
1392 2850 1421 2900 in

315 2948 451 3011 posterum
460 2938 557 2992 loret.”
577 2937 728 2990 Massaosr
739 2956 745 3003 ;
758 2938 859 2991 Aurio.
871 2937 947 2988 Iron.
966 2936 1020 2987 vol.
1036 2935 1069 2999 V,
1080 2953 1106 3004 p.
1117 2935 1324 2988 ala—Thai
1333 2935 1423 2988 learn-

316 3026 350 3080 ed
362 3027 452 3096 priest,
463 3025 612 3089 Theodore,
625 3022 772 3077 sueoeeded
786 3021 909 3086 Deodati,
924 3039 954 3073 as
966 3021 993 3073 in
1007 3029 1072 3083 seat,
1093 3039 1123 3072 so
1139 3021 1168 3072 in
1186 3021 1312 3090 sainting.
1331 3021 1424 3074 Never

277 3140 281 3146 ·
315 3114 406 3168 before
418 3113 460 3166 bis
472 3113 535 3166 time
546 3112 601 3165 had
614 3110 737 3180 England
750 3129 779 3162 so
793 3127 874 3174 many
894 3109 987 3179 happy
1005 3108 1079 3178 days,
1097 3125 1147 3160 nor
1166 3126 1195 3160 so
1212 3125 1294 3177 many
1311 3108 1423 3161 learned

317 3219 388 3265 men,
401 3219 431 3253 aa
442 3200 528 3252 under
540 3198 605 3263 him,
620 3197 672 3250 and
685 3216 701 3250 a
711 3196 780 3249 little
794 3196 869 3248 alter.
918 3195 1004 3249 Mucb
1011 3195 1099 3263 might
1106 3194 1139 3246 be
1149 3194 1207 3246 said
1217 3195 1247 3246 of
1253 3194 1295 3247 his
1306 3195 1423 3265 sanctity

317 3295 364 3341 out
376 3288 408 3339 of
416 3286 552 3355 Capgrave
565 3283 618 3336 and
634 3282 739 3349 others;
753 3283 802 3334 but
814 3282 827 3334 Ι
838 3281 891 3336 will
903 3281 982 3334 make
994 3298 1029 3335 au
1041 3281 1103 3347 end,
1118 3280 1182 3333 with
1192 3281 1234 3333 his
1253 3281 1315 3346 end,
1332 3288 1379 3333 out
1396 3281 1427 3333 of

318 3391 353 3426 an
365 3372 410 3426 old
423 3371 592 3440 Manuscript
604 3388 610 3422 :

593 3474 703 3514 'lbeodore
711 3474 759 3514 that
767 3483 811 3514 nas
819 3473 844 3513 oi
850 3473 1023 3521 commemoria,

593 3541 782 3590 Erchbyesohoppe
790 3542 844 3581 than
852 3541 895 3580 and
902 3541 943 3579 else
952 3539 989 3578 the
998 3539 1057 3589 bygh
1066 3539 1148 3579 Primat

594 3609 624 3647 Of
629 3609 738 3648 fourscore
747 3619 785 3658 yer
792 3608 816 3648 oi
821 3619 868 3657 age,
876 3617 901 3648 ao
910 3608 962 3651 than
971 3607 1014 3656 dyd
1022 3608 1070 3655 dyo,

590 3675 646 3716 That
654 3678 737 3726 twenty
744 3686 782 3724 γει
789 3676 831 3715 and
839 3678 883 3714 two
892 3674 943 3714 held
950 3675 998 3712 that
1005 3676 1069 3720 estat,

591 3743 623 3783 uo
631 3747 690 3792 grets
698 3743 779 3782 honore
787 3742 830 3782 end
838 3740 959 3791 worshlppe
966 3741 1075 3787 tortunat3

592 3810 638 3850 Tne
646 3821 683 3859 γει
691 3811 715 3850 ot
721 3810 778 3849 crist
786 3819 826 3858 syx
834 3808 932 3848 hundred
941 3809 1034 3847 forscore
1042 3806 1085 3845 and
1093 3809 1138 3853 ten,

591 3877 648 3925 Was,
657 3877 720 3916 when
729 3877 769 3925 hys
778 3876 829 3916 sowl
837 3875 870 3915 iro
879 3875 933 3914 fleah
941 3884 985 3913 was
991 3874 1050 3912 lesed
1058 3873 1114 3912 olen.

981 3937 1128 3991 Wnswen's
1142 3938 1211 3990 Fun.
1225 3937 1303 3990 Mon.
1315 3956 1343 4009 p.
1357 3942 1418 4010 299.

352 4061 367 4120 t
386 4056 476 4110 Saxae
488 4068 589 4108 sonora
601 4046 732 4116 annosos]
744 4045 810 4098 This
819 4044 939 4109 Couneil,
951 4041 1094 4096 sumamed
1111 4046 1129 4072 “
1139 4041 1173 4093 In
1183 4040 1326 4107 Taoano,”
1333 4041 1421 4110 began

313 4145 360 4200 tbe
378 4144 425 4200 tth
443 4143 474 4197 oi
487 4137 647 4202 November,
666 4138 727 4199 690,
744 4132 799 4188 aad
815 4130 961 4188 eouduued
978 4129 1019 4184 till
1039 4127 1085 4182 tbe
1098 4127 1234 4198 following
1252 4128 1418 4198 September.
