3042 5134
558 487 750 554 Onaouroou
774 487 802 553 l.
1154 484 1163 507 ²
1181 492 1224 586 61

115 653 268 721 Macarius
298 677 367 720 eum
394 655 589 741 complicibus
614 658 677 722 suis
703 657 859 742 depositus
883 649 917 722 'et
947 644 1235 724 anathematizatus.-

116 759 201 824 Huic
224 759 350 823 coneilio
371 759 572 824 interfuerunt
593 761 762 846 Agathouis
783 784 867 846 papae
888 761 988 846 legati.
1033 763 1103 847 Ipse
1124 770 1226 828 tamen

115 862 240 946 Agatho
255 862 358 926 Romae
369 863 529 928 concilium
538 862 706 943 celebravit,
721 871 752 928 et
765 865 920 949 praefatam
933 865 1072 930 haeresim
1082 866 1222 932 condem-

115 965 212 1030 navit.
256 965 314 1030 Oui
334 965 459 1030 concilio
480 965 618 1030 interfuit
637 966 820 1049 Wiliredusss
846 967 1003 1052 episcopus
1018 966 1224 1033 Eboracensis.

116 1067 165 1132 Eo
185 1076 319 1152 tempore
342 1069 517 1134 translatum
531 1075 577 1133 est
592 1068 757 1134 venerabile
782 1091 891 1154 corpus
916 1070 1003 1134 Beati
1027 1071 1184 1136 Benedicti
1207 1095 1226 1138 a

116 1177 221 1234 monte
235 1170 358 1235 Cassino
372 1170 409 1236 ad
425 1171 593 1236 coenobium
609 1170 724 1238 abbatis
739 1171 877 1252 Monoli;
893 1172 972 1256 quod
988 1175 1073 1237 estin
1089 1174 1225 1238 Aurelia-

112 1273 204 1336 nensi
224 1273 382 1352 territorio,
411 1273 444 1338 iu
472 1297 543 1358 agro
569 1273 718 1352 Floriano,
734 1296 787 1358 per
802 1273 1016 1358 Adevulphum
1033 1276 1223 1341 monachum.

115 1374 260 1439 Similiter
274 1381 304 1440 et
319 1397 425 1460 corpus
450 1375 545 1440 beatae
561 1375 789 1453 Scholasticaeil
804 1376 884 1461 apud
899 1377 1133 1455 Cenomanuum,
1144 1401 1223 1443 anuo

115 1475 154 1541 ab
170 1477 381 1546 quernatione
392 1479 516 1542 Domini
533 1478 737 1558 DCLXXIV,
754 1480 915 1544 atransitu
924 1480 989 1565 ejus
1002 1479 1191 1545 CXXXVII
1194 1481 1222 1560 I,

121 1580 231 1665 quinto
246 1581 322 1646 Idus
337 1581 358 1646 J
361 1582 422 1648 ulii.

164 1701 211 1766 Eo
220 1717 353 1786 tempore
362 1701 527 1788 regnabant
536 1703 569 1767 in
580 1703 670 1768 Italia
678 1703 877 1789 Ounepertus,
889 1703 922 1766 in
930 1703 1028 1770 Gallia
1037 1704 1219 1770 Olodovaeus

21 1803 28 1806 ’
117 1804 203 1869 filius
217 1803 391 1889 Dagoberti.
436 1805 482 1869 Eo
498 1827 618 1891 quoque
637 1817 771 1891 tempore
790 1806 924 1891 eclipsim
937 1807 1018 1871 lunae
1033 1817 1161 1891 sequuta
1176 1815 1225 1872 est

119 1908 214 1992 pestis
230 1907 412 1992 gravissima,
435 1906 532 1972 trihus
554 1907 716 1987 mensibus,
739 1909 834 1988 Julio,
850 1912 1008 1992 Augusto,
1026 1909 1225 1994 septembrio.

118 2011 197 2076 Haec
213 2033 331 2096 quoque
345 2011 494 2076 licinium
506 2011 709 2096 depopulavit,
726 2011 800 2076 adeo
816 2018 852 2075 ut
865 2011 969 2076 civitas
986 2010 1151 2078 habebatur
1164 2035 1220 2097 pro

118 2113 270 2178 derelicto.
314 2113 381 2177 Visi
396 2120 467 2178 sunt
476 2136 511 2179 eo
530 2120 663 2199 tempore
678 2113 738 2177 duo
752 2113 861 2198 angeli,
876 2136 956 2178 uuus
973 2113 1081 2193 honus,
1094 2121 1125 2178 et
1146 2115 1223 2180 alius

117 2217 227 2297 malus,
244 2217 295 2302 qui
311 2216 491 2282 venabulum
506 2239 538 2282 1n
548 2239 640 2282 manu
654 2216 788 2296 ferebat3
803 2224 834 2281 et
849 2218 965 2301 quoties
975 2219 1063 2302 jussu
1077 2217 1150 2282 boni
1166 2239 1220 2282 au·

118 2319 181 2404 geli
192 2319 229 2383 ad
241 2321 351 2384 ostium
363 2321 506 2405 cujusque
514 2318 647 2398 feriebat,
657 2325 705 2383 tot
715 2320 747 2382 in
760 2319 849 2383 domo
858 2319 995 2382 homines
1007 2318 1220 2383 moriebantur.

117 2424 214 2487 Facto
237 2430 338 2488 autem
359 2423 445 2488 altari
458 2424 495 2488 in.
511 2422 634 2490 basilica
656 2421 759 2486 Sancti
775 2421 856 2488 Petri
879 2420 919 2485 ad
933 2421 1075 2484 honorem
1099 2419 1217 2484 Sebasti

116 2526 263 2610 martyris,
269 2527 395 2590 cessavit
409 2526 588 2611 pestilentia,
600 2525 731 2590 remedio
746 2525 993 2609 taliinveutoper
1002 2523 1222 2588 revelationem.

167 2629 271 2694 Romae
286 2630 442 2714 Agathoni
457 2628 638 2714 subrogatus
653 2634 698 2692 est
712 2629 776 2692 Leo
799 2626 964 2692 Secundus.
1009 2626 1067 2692 (lui
1081 2625 1224 2691 successit

158 2833 173 2890 1
193 2829 372 2898 eruenus]
387 2829 485 2882 Beatus
498 2827 647 2891 Wilfridus,
656 2845 705 2897 pro
718 2845 772 2896 quo
784 2828 858 2880 Deus
865 2827 995 2880 miracula
1007 2835 1141 2897 operatur,
1151 2827 1224 2898 apud

118 2915 282 2969 Weudalum
294 2917 321 2969 iu
332 2915 450 2968 Domino
461 2913 637 2983 requiescens,
651 2914 678 2965 in
690 2913 838 2983 Riponeusi
849 2913 963 2966 ecelesia
971 2913 1104 2983 sepelitur.
1115 2914 1225 2965 Bacur-

118 3019 183 3054 rev.
215 3000 266 3051 Wil
272 3000 327 3053 fred
342 2998 363 3053 ie
373 3000 437 3054 here
449 2999 535 3070 styled
547 2999 650 3070 hishop,
660 3007 707 3051 not
715 2999 883 3069 archbishop,
897 2999 1015 3052 onorlr.
1035 2999 1078 3051 He
1090 3006 1169 3052 wrote
1178 2999 1223 3052 the

117 3089 181 3142 four
195 3087 306 3158 Gospels
317 3088 345 3140 in
354 3089 445 3140 letters
456 3087 487 3138 of
495 3086 566 3156 gold,
578 3086 631 3138 and
642 3086 703 3139 died
714 3103 785 3138 anno
800 3089 862 3140 710.
878 3086 951 3138 Bede
963 3085 1018 3139 aud
1031 3085 1134 3138 several
1146 3085 1223 3138 other

119 3175 283 3229 chroniclers
296 3175 356 3245 give
368 3173 425 3226 him
438 3191 454 3225 a
466 3191 530 3242 very
542 3172 608 3243 high
619 3172 765 3236 character,
779 3172 907 3242 although
924 3172 959 3224 he
972 3189 1024 3224 was
1035 3171 1136 3243 ejected
1153 3172 1223 3224 from

117 3262 163 3315 his
184 3279 227 3314 see
239 3261 360 3331 unjustly
374 3260 410 3330 by
422 3259 569 3323 Theodoro,
584 3277 646 3329 says
657 3258 776 3311 William
789 3260 820 3311 of
830 3258 1022 3329 Malmesbury.
1060 3257 1222 3327 “Siquidem

118 3347 278 3402 Theodorus
290 3347 449 3400 Wilfredum
461 3347 567 3418 injuste,
581 3354 711 3415 quantum
724 3355 818 3399 nosue
828 3346 910 3399 habet
918 3347 1078 3417 conjectura,
1087 3345 1224 3416 ejecerit.”

120 3436 168 3489 Dc
184 3435 267 3488 Gesr.
281 3435 393 3487 Pourvr.
407 3451 460 3486 ars.
473 3433 491 3499 i,
504 3452 531 3504 p.
546 3437 607 3486 196.
951 3481 957 3492 ,

154 3525 170 3584 †
184 3521 374 3586 ScaoraerrcA,
388 3524 478 3573 “soeur
488 3520 520 3572 de
532 3521 608 3572 Saiut
616 3519 721 3585 Benoit,
736 3520 787 3572 nee
796 3538 813 3572 a
821 3519 927 3584 Noreia,
936 3519 999 3572 ville
1010 3519 1038 3571 d'
1049 3519 1135 3584 italie,
1145 3518 1225 3572 suria

119 3608 160 3661 fin
181 3608 217 3682 du
235 3607 385 3676 cinquieme
403 3606 490 3670 siecle,
510 3605 598 3668 euivit,
619 3623 721 3659 comme
741 3625 788 3658 son
807 3608 887 3672 frere,
917 3605 944 3658 la
967 3606 1010 3659 vie
1034 3606 1178 3675 creatique,
1197 3613 1223 3658 et

119 3693 216 3748 etablit
226 3711 279 3746 une
292 3695 479 3746 commuuaute
492 3693 538 3745 dea
550 3692 714 3762 religieusee.
753 3692 812 3745 Elle
825 3692 899 3745 alluit
912 3693 1004 3745 visiter
1019 3710 1068 3744 son
1080 3692 1150 3745 frere
1164 3698 1223 3744 tous

117 3782 159 3834 les
171 3797 227 3842 ans,
241 3786 267 3833 et
279 3780 309 3832 St
318 3780 413 3832 Benoit
424 3780 518 3833 l’allait
530 3779 647 3832 receuoir
657 3779 724 3832 dans
736 3796 774 3832 un
784 3779 839 3832 lieu
851 3780 897 3849 qui
909 3780 1003 3832 u'etait
1011 3797 1059 3849 pas
1070 3779 1174 3848 eloigue
1187 3778 1222 3830 de
1338 3837 1341 3841 ,

119 3886 151 3922 aa
162 3869 273 3922 maison.
311 3869 350 3922 La
363 3869 484 3924 damiete
498 3870 583 3922 annea
595 3869 639 3938 qu’
651 3868 702 3921 elle
719 3868 758 3920 lui
768 3869 857 3921 rendit
873 3887 903 3922 ce
918 3869 1017 3935 devoir,
1030 3869 1080 3921 elle
1088 3867 1177 3938 predit
1193 3885 1223 3920 aa
1302 3917 1304 3920 Α

118 3963 190 4010 mort
208 3956 362 4026 prochaine.
399 3957 501 4008 S'etaut
518 3956 623 4018 catinae,
643 3955 693 4008 elle
712 3964 819 4008 mourut
839 3956 987 4026 troisjours
998 3956 1086 4025 apres,
1100 3962 1128 4006 et
1140 3953 1224 4005 Saint.

117 4042 217 4097 Benoit
228 4043 267 4096 vit
283 4042 364 4096 l'tme
381 4043 415 4097 de
433 4061 463 4097 ea
480 4059 553 4096 soeur
570 4043 644 4096 valer
655 4057 715 4096 vers
733 4043 758 4096 le
777 4043 837 4108 ciel,
856 4061 959 4096 comme
977 4060 1030 4095 une
1044 4040 1196 4093 colombe.”

1095 4126 1222 4180 Moram.
