3042 5134
521 495 713 568 Oaaonroon
737 499 765 566 Ι.
989 483 993 487 ’
1169 495 1208 564 sl

114 659 253 749 abjectus
271 668 318 732 cet
339 663 530 732 herectina.
573 663 693 732 &nnuc
712 671 843 747 mortno,
857 663 1000 732 successit
1021 663 1211 747 Amanum,

115 791 199 836 anno
225 769 266 838 ab
294 771 503 838 Incarnatione
534 770 662 840 Domini·
686 769 966 852 OOCOLXXXIV,
994 774 1026 837 ct
1052 767 1210 856 imperarit

114 872 249 948 XXVII
267 874 365 941 mnia.
419 874 495 953 Istc,
521 872 560 940 ab
578 873 686 942 Acatio
705 873 892 961 depravatus,
906 871 1027 942 nictu
1044 871 1210 955 hmcneoe

115 975 396 1062 etpcrsequebatur
408 975 589 1044 Catholicos.
1189 1005 1215 1026 ··

163 1079 357 1166 Eotempore
376 1077 560 1157 Olodovaeus,
574 1101 628 1144 ner
649 1075 1001 1159 Francorumanimatns
1023 1075 1213 1176 molientium

117 1203 202 1262 voce,
221 1182 255 1248 in
277 1181 398 1248 basilica
419 1181 521 1248 Sancti
541 1181 667 1248 Martini
686 1180 815 1246 Turonis
833 1179 1008 1261 dicentium,
1028 1179 1211 1265 Pcrciacistc'

115 1306 173 1364 mc,
184 1284 317 1364 Domine,
332 1283 490 1352 υἰνέιιίσαᾱ
499 1286 618 1365 rnna,
630 1285 684 1354 uc.
700 1305 787 1350 cerva
799 1281 876 1350 duce
886 1281 1038 1349 viennam
1053 1281 1209 1376 maliis

118 1397 152 1452 ct
173 1409 331 1454 occurrens
350 1387 469 1456 Alarico
488 1389 551 1476 regi
569 1389 656 1476 juxta
677 1388 854 1469 Pictasium,
868 1387 941 1455 vicit
959 1394 991 1454 et
1007 1389 1116 1457 occidit
1132 1411 1213 1458 eum.

118 1488 162 1554 Et
176 1489 215 1556 de
234 1489 419 1577 Bmdcgalis,
438 1497 507 1577 post
528 1492 672 1578 hyemem,
692 1491 830 1560 transivit
849 1491 1020 1574 Tholosam,
1041 1513 1110 1576 quse
1123 1498 1214 1577 caput

115 1591 205 1676 regni
236 1598 317 1673 erat3
346 1599 377 1660 et
405 1593 565 1675 Amalrico,
587 1593 651 1660 lilio
680 1592 802 1674 Alarici,
831 1593 936 1678 fugato
959 1594 996 1668 in
1027 1593 1215 1680 Hispaniam,

115 1695 283 1779 asportavit
319 1695 391 1761 inda
426 1696 592 1764 thesauros.
650 1696 692 1762 nt
727 1696 845 1764 rediens
884 1696 1018 1776 Parisios,
1054 1696 1215 1766 adifimvit

122 1794 276 1863 basilicam
290 1797 492 1882 apostolorum
505 1798 588 1864 Petri
604 1805 635 1866 et
652 1798 749 1866 Pauli.

164 1899 211 1964 no
243 1920 362 1985 quoque
391 1907 532 1985 tempore,
560 1901 782 1985 sigismundus,
811 1901 932 1971 hortatu
961 1902 1054 1982 Aviti,
1081 1904 1214 1988 episcopi

118 2002 308 2083 Viennensis,
323 2002 481 2070 addicavit
495 2004 527 2069 in
542 2003 720 2088 Burgundio
735 2004 887 2072 basilicam
908 2007 1008 2074 Sancti
1031 2008 1169 2072 Mauricii
1183 2015 1214 2072 et

118 2105 268 2178 sociorum
289 2107 365 2191 ejus.
411 2107 530 2174 Interea
550 2106 586 2184 ab
609 2108 768 2174 Anastasio
791 2109 952 2192 insignitus
971 2116 1017 2174 est
1039 2110 1214 2176 Clodovaens

119 2209 224 2278 trabea
245 2210 410 2292 consulari3
441 2219 472 2276 et
493 2213 562 2280 iude
584 2213 750 2298 appellatus
771 2221 818 2281 est
838 2218 1003 2299 Angustus.
1049 2218 1095 2284 Eo
1115 2226 1215 2286 autem

121 2319 251 2392 mortuo,
274 2312 303 2380 ei
325 2321 529 2382 successerunt
551 2323 678 2400 quatuor
698 2315 754 2382 lilii
773 2317 847 2401 ejus,
870 2317 1011 2388 XXXmo
1030 2340 1109 2386 anno
1130 2323 1215 2405 regni

120 2415 181 2480 sni.
225 2415 375 2501 Regnavit
396 2438 468 2501 ergo
482 2417 683 2486 Theodoriana
704 2418 806 2494 Motis,
820 2417 1012 2495 clodomerus
1035 2421 1214 2501 Aurelianis,

117 2517 291 2584 clotharius
325 2519 502 2600 Suessionis,
535 2518 745 2589 Ohildebertus
779 2519 906 2588 Parisiis.
951 2520 1101 2602 Crotildis,
1131 2543 1214 2592 soror

117 2643 233 2702 eorum,
246 2622 351 2707 nupsit
364 2621 524 2702 Amalrico,
539 2623 572 2687 in
586 2623 763 2708 Hispaniam
777 2621 922 2690 traducta.

165 2724 268 2790 Romae
295 2723 472 2810 Symmacho
499 2725 641 2790 successit
664 2725 835 2819 Hormisdn
857 2726 910 2809 qui
931 2727 1122 2796 Anastasium
1150 2749 1215 2800 cor·

115 2825 215 2912 ripuit
225 2825 262 2892 de
273 2847 331 2894 suo
345 2849 449 2894 maore.
496 2827 553 2894 Ille
567 2849 637 2894 vcro
651 2826 778 2914 superbe
791 2829 953 2913 respondit,
967 2851 1001 2896 se
1023 2830 1100 2898 vella
1110 2828 1215 2917 iubere

116 2937 153 2996 et
165 2951 227 2995 non
236 2927 336 3015 juberi
343 2955 354 3010 ς
384 2935 415 2996 et
428 2930 461 2996 in
476 2951 530 2996 sna
543 2931 685 2997 remansit
707 2929 843 3017 perfidia.
887 2930 977 2998 Unde
988 2932 1115 3002 inlrniue
1127 2933 1217 3016 ithus,

155 3183 173 3215 ⁶
191 3201 224 3235 nn
242 3183 417 3252 hasenaro]
440 3183 478 3234 lta
496 3183 647 3235 renommde
666 3181 714 3234 des
733 3181 862 3246 hatailles,
877 3181 924 3234 des
947 3182 1100 3254 triumphes,
1122 3194 1150 3240 et
1168 3187 1216 3242 des

117 3270 268 3339 conqudtcs
291 3269 325 3322 de
348 3269 436 3322 Oloris
464 3269 525 3322 nola
543 3267 633 3340 jusqu‘
665 3286 699 3321 en
734 3267 837 3320 Oricnt.
883 3267 1053 3337 L'empcreur
1086 3274 1217 3330 Anastcse

117 3355 168 3426 qui
191 3355 256 3408 tait
271 3363 384 3410 convent
407 3371 459 3408 aux
481 3354 565 3425 prisca
581 3371 647 3408 avec
670 3353 709 3407 les
727 3353 838 3416 Gothes,
863 3351 971 3407 charrae
999 3353 1033 3408 de
1061 3355 1088 3410 la
1115 3358 1214 3414 uenite

117 3442 148 3495 d'
171 3440 269 3504 Alaric,
291 3457 360 3510 pour
382 3457 410 3492 ae
434 3439 560 3492 concilier
586 3457 619 3493 en
637 3438 769 3494 occident
792 3456 829 3491 nn
847 3439 918 3492 aussi
934 3439 1056 3510 puissant
1075 3444 1215 3500 consedere

118 3544 173 3598 que
186 3524 282 3590 (ilcvis,
294 3525 332 3578 lui
344 3542 455 3596 europa,
469 3525 509 3579 dit
521 3525 649 3595 Gregoire
666 3525 699 3578 de
716 3524 810 3590 Teura,
827 3525 867 3578 les
885 3524 1019 3580 codicillce
1035 3527 1072 3581 du
1088 3533 1216 3587 consulat.

118 3613 219 3678 Clovis,
240 3629 307 3683 pour
326 3610 441 3682 paroitre
464 3627 497 3665 en
516 3618 584 3664 cette
600 3611 709 3680 qualite,
722 3628 750 3664 se
766 3611 862 3664 revdtit
876 3611 943 3664 dans
953 3611 1073 3683 l‘Egliac
1090 3615 1124 3670 de
1140 3613 1217 3675 Saint

118 3698 230 3763 Martia,
243 3697 323 3751 d'une
335 3697 449 3766 tunique'
459 3696 492 3750 ds
504 3702 619 3769 pourpre
627 3695 741 3750 atd'une
750 3695 897 3767 chlamyde
917 3700 1036 3763 (nureo
1049 3710 1212 3770 cossuram)

122 3785 174 3840 mit
189 3784 247 3837 dea
257 3784 314 3838 cese
326 3799 363 3836 un
380 3781 510 3847 diaddure,
526 3789 619 3836 monta
635 3782 652 3836 d
670 3781 773 3847 charel,
793 3790 819 3834 ct
836 3782 921 3837 allant
936 3783 1031 3856 depuis
1047 3787 1157 3856 l’eglise
1183 3789 1218 3843 de

119 3870 196 3924 Saint
215 3868 316 3922 Martia
332 3868 423 3940 jusqu'
437 3867 453 3920 d
465 3866 565 3938 l'eglice
584 3866 618 3921 ds
629 3866 656 3920 la
669 3864 739 3932 ville,
752 3867 772 3920 il
783 3867 814 3920 fit
830 3867 877 3922 dcc
898 3868 1034 3935 vlargesnas
1051 3885 1087 3926 cu
1111 3871 1215 3940 peuple,

115 3954 406 4028 lnijettantlni·mdme
417 3953 466 4006 l'or
474 3951 508 4006 de
521 3960 548 4008 et
565 3953 599 4007 dc
612 3941 734 4022 l'argcnl,
772 3953 874 4023 Depuis
885 3972 916 4008 cc
928 3953 1033 4008 tems-ld
1045 3953 1065 4006 il
1083 3962 1158 4024 repul
1169 3954 1219 4010 des

121 4040 312 4096 acclamations
332 4056 435 4092 comme
458 4036 554 4092 Consul
578 4046 605 4094 et
628 4040 756 4108 Auguste,
780 4037 994 4092 Monrrancon's
1017 4042 1116 4096 Arare.
1142 4040 1219 4094 Mon.

123 4127 279 4182 Faenucnn
290 4143 315 4178 v.
328 4125 350 4190 l,
363 4143 389 4196 p.
402 4129 443 4178 28.
588 4125 590 4131 ’
800 4127 803 4131 ’
