3042 5134
499 415 690 482 Ounonrcorr
705 415 752 481 II.
1121 418 1184 482 110
1297 463 1305 479 .

80 592 206 655 Sererm
224 587 287 652 tuit
301 593 332 652 et
352 585 457 652 multis
478 585 564 650 bellis
584 584 740 650 lacessitus
760 583 989 652 laboriosissime
1011 586 1088 652 rexit
1110 609 1187 654 rern-

77 691 238 776 publicam.
283 688 383 754 Claret
404 687 599 773 Symmachus
620 688 777 772 interpres,
793 687 886 754 XXX
903 689 988 753 aunis
1004 695 1073 773 post
1089 689 1185 754 Theo·

82 795 247 862 dotionem.
307 794 424 863 Quinta
451 792 490 856 lit
518 791 708 876 persequutio
738 790 984 858 Christianorum.
1037 791 1187 858 Leonides

80 905 166 983 pater
187 898 329 980 origenis
358 897 436 982 Tyro
459 917 564 980 passus
585 901 649 960 est:
677 895 730 958 sed
757 916 851 978 quum
874 895 1020 980 Origenes
1036 895 1106 982 ‚pati
1134 919 1187 982 pro

80 999 203 1066 Christo
224 998 323 1076 vellet,
338 1019 393 1082 pro
406 997 535 1062 infantia
549 997 592 1062 eia
607 1003 810 1080 pepercerunt.
870 997 980 1062 Passus
995 1004 1040 1062 est
1056 998 1188 1063 heraeus

79 1099 226 1186 Lugduni
240 1121 310 1169 oum
326 1099 428 1166 XIIII
453 1098 596 1164 millibus.
638 1097 870 1164 celeberrimum
888 1107 934 1164 eat
954 1099 1131 1165 miraculum
1149 1100 1187 1166 de

79 1223 227 1288 responso
240 1202 321 1269 illius
336 1201 466 1268 cohortis
481 1208 511 1265 et
529 1198 663 1285 quotidie
676 1201 711 1267 in
724 1223 827 1266 corum
852 1209 1080 1286 repraesentatur
1094 1201 1186 1268 eecle-

79 1306 126 1370 sia
149 1313 220 1369 anta
238 1304 343 1369 lauder
368 1303 566 1371 matutinales.
610 1303 739 1369 Eductis
764 1305 870 1368 14000
891 1304 1127 1371 Christianorum
1154 1313 1186 1371 et

81 1412 167 1472 extra
182 1406 369 1491 Lugdunum
381 1405 541 1483 decollatis,
567 1405 673 1470 ultimo
696 1404 841 1471 decollato
865 1405 1094 1492 archiepiscope,
1117 1407 1186 1472 oad-

80 1531 151 1574 aver
173 1508 237 1594 ejus
258 1530 291 1573 se
314 1508 443 1592 erigens,
465 1515 496 1574 et
516 1514 606 1592 caput
630 1529 721 1574 manu
742 1514 874 1592 portans,
891 1530 985 1592 quum
1004 1509 1134 1574 venisset
1149 1510 1188 1573 ad

82 1609 230 1674 sociorum
252 1609 367 1688 funera,
390 1611 433 1673 ait
453 1615 555 1694 caput,
568 1615 589 1647 “
609 1608 799 1676 Exultabnnt
821 1611 915 1673 sancti
945 1611 978 1674 in
1000 1610 1102 1694 gloria,
1111 1611 1130 1640 ‘'
1156 1617 1187 1675 et

82 1712 186 1778 statim
200 1717 265 1778 tota
281 1711 394 1787 [cohors
422 1711 577 1798 respondit
604 1710 831 1778 “Lmtabuntnr
860 1713 893 1776 in
915 1711 1064 1778 cubilibus
1083 1713 1186 1780 suis.”

84 1814 214 1881 Seserem
240 1815 400 1898 requiescit
420 1815 548 1881 Eboraci
566 1814 599 1880 in
625 1821 726 1880 monte
752 1815 805 1898 qui
826 1813 862 1879 ab
884 1837 919 1880 eo
950 1817 1070 1883 Severm
1097 1817 1187 1882 hodia

85 1916 209 1982 dicitur.
266 1916 349 1979 Sedit
368 1915 552 2001 Zephyrium
576 1917 663 1980 annis
681 1915 739 1994 IX,
764 1916 914 1983 mensibus
930 1916 986 1997 VI,
1012 1917 1116 1983 diehm
1145 1919 1186 1986 X.

86 2017 174 2082 Obiit
189 2017 337 2102 Ulpianus
347 2019 539 2104 jurisperitus
553 2019 665 2096 Remis,
681 2019 779 2086 socius
795 2020 904 2085 Severi.

127 2119 359 2185 VMOOOOIX.
405 2122 548 2186 Savnnus
564 2142 740 2186 ruranamr
753 2142 852 2186 nurus
866 2121 990 2188 XVIII.

131 2221 271 2287 Aurelius
292 2223 467 2290 Antoninus
488 2224 659 2301 Bassianus,
681 2223 846 2290 Caracallus
868 2223 966 2290 dict-ns
996 2245 1049 2310 pro
1079 2249 1187 2310 genere

84 2325 188 2403 vestis,
212 2324 300 2389 duxit
328 2346 487 2391 novercam
510 2349 592 2390 suam
617 2333 649 2390 et
673 2335 741 2407 post
755 2326 902 2390 occiditur
916 2327 1046 2392 Edessae.
1075 2331 1189 2400 Quinta

83 2427 180 2492 editio
203 2426 418 2512 Hierosolymis
440 2428 526 2493 VIII
548 2429 633 2492 annis
655 2434 725 2512 post
747 2429 956 2514 Symmachum
979 2431 1101 2496 inventa
1131 2441 1187 2510 est,

84 2529 174 2612 cnjus
201 2533 305 2592 auctor
329 2528 494 2612 Ignoratur.
539 2530 643 2594 Latrat
671 2531 864 2615 Symmachus
890 2533 1058 2599 haereticus.
1103 2535 1188 2600 Sedit

84 2629 223 2694 Calixtus
237 2630 319 2714 Papa
333 2630 419 2694 annis
433 2629 490 2708 VI,
507 2631 659 2699 mensibus
674 2632 719 2710 II,
733 2632 839 2698 diebus
855 2635 904 2714 X3
921 2635 969 2700 hic
984 2638 1090 2702 statuit
1111 2636 1187 2702 IIlI

85 2738 224 2816 tempora
238 2730 387 2796 celebrari.

129 2832 386 2901 VMOOOCXVI.
432 2834 635 2900 Annorrmus
651 2856 839 2902 rurnnavrr
855 2837 1062 2916 aunrsV113
1078 2861 1187 2906 rimus

598 2938 737 3002 Snvnnr.

144 3041 249 3107 Macer
271 3039 426 3105 Macrinus
447 3039 586 3123 Ophilus,
610 3041 706 3124 primo
733 3041 892 3124 praelectus
921 3043 1032 3126 palatii,
1055 3047 1188 3110 tumultu

85 3144 212 3209 militari
226 3142 382 3209 occiditur.

133 3240 440 3310 VMCCCCXVII.
488 3243 1009 3308 .Mrcrs1aus1a1›rnnv1rasms
1026 3245 1064 3320 1;
1082 3246 1187 3312 Saun-

85 3369 158 3412 'ron
175 3365 349 3410 ruinosus.

144 3448 267 3512 Marcus
281 3445 455 3511 Antoninus
479 3445 619 3510 Aurelius
636 3446 772 3510 sacerdos
793 3447 897 3532 te'mpli
914 3449 1103 3534 Heliogabali
1119 3475 1186 3516 cum

85 3555 185 3614 morte
206 3549 340 3633 punitur.
375 3547 520 3611 Sahellius
540 3548 635 3613 oritur
657 3548 823 3626 Sabelliani,
845 3553 897 3632 qui
920 3560 950 3614 et
971 3555 1187 3638 patripassiani,

85 3651 194 3716 dicunt
216 3672 306 3714 unam
321 3671 384 3712 esse
400 3670 556 3733 personam
571 3649 664 3732 patris
678 3656 709 3710 et
724 3648 780 3712 iilii
796 3658 826 3712 et
841 3654 962 3734 spiritus
977 3657 1081 3719 sancti.

131 3751 388 3818 VMOCOOXXI.
434 3751 598 3814 Aunnmus
611 3771 790 3817 ruennavan
805 3773 900 3818 arsura
916 3753 979 3819 III.

133 3855 234 3918 Mater
248 3853 411 3917 Alexandri
423 3853 597 3917 Mammaeas
612 3853 774 3938 Origenem
786 3855 908 3920 audivit.
954 3857 1065 3932 Orante
1080 3859 1189 3924 Sancto

85 3957 206 4023 Calixto
217 3977 294 4040 papa
303 3961 333 4019 et
345 3954 517 4019 Alexandro
526 3955 702 4040 imperatore
710 3955 915 4036 thurificante,
926 3981 974 4022 ara
986 3960 1008 4022 J
1010 3961 1072 4024 ovis
1086 3960 1187 4025 fulmi-

87 4064 161 4123 nata
175 4064 267 4142 est-et
281 4056 400 4122 sinistra
416 4055 502 4121 Jovis
516 4079 604 4122 aurea
618 4056 778 4140 liquefacta
795 4068 826 4124 et
835 4059 1005 4144 capitolium
1022 4062 1188 4127 incensum.
1317 4141 1319 4144 Ι
