<?xml version="1.0" encoding="UTF-8"?>
<!DOCTYPE html PUBLIC "-//W3C//DTD XHTML 1.0 Transitional//EN"
    "http://www.w3.org/TR/xhtml1/DTD/xhtml1-transitional.dtd">
<html xmlns="http://www.w3.org/1999/xhtml" xml:lang="en" lang="en">
 <head>
  <title>
</title>
<meta http-equiv="Content-Type" content="text/html;charset=utf-8" />
  <meta name='ocr-system' content='tesseract 3.04.00' />
  <meta name='ocr-capabilities' content='ocr_page ocr_carea ocr_par ocr_line ocrx_word'/>
</head>
<body>
  <div class='ocr_page' id='page_1' title='image "./radulfinigrichr00cogggoog_0113.png"; bbox 0 0 3042 5134; ppageno 0'>
   <div class='ocr_carea' id='block_1_1' title="bbox 310 451 995 519">
    <p class='ocr_par' dir='ltr' id='par_1_1' title="bbox 310 451 995 519">
     <span class='ocr_line' id='line_1_1' title="bbox 310 451 995 519; baseline 0.001 -1"><span class='ocrx_word' id='word_1_1' title='bbox 310 456 352 519; x_wconf 75' lang='grc'><strong>98</strong></span> <span class='ocrx_word' id='word_1_2' title='bbox 714 451 863 518; x_wconf 81' lang='lat' dir='ltr'><strong>Rsnnnsr</strong></span> <span class='ocrx_word' id='word_1_3' title='bbox 890 452 995 519; x_wconf 85' lang='lat' dir='ltr'><strong>Nrnm</strong></span> 
     </span>
    </p>
   </div>
   <div class='ocr_carea' id='block_1_2' title="bbox 310 606 1517 3973">
    <p class='ocr_par' dir='ltr' id='par_1_2' title="bbox 310 606 1517 3149">
     <span class='ocr_line' id='line_1_2' title="bbox 310 606 1412 695; baseline -0.001 -21"><span class='ocrx_word' id='word_1_4' title='bbox 310 609 430 674; x_wconf 86' lang='lat' dir='ltr'><strong>civitate</strong></span> <span class='ocrx_word' id='word_1_5' title='bbox 443 630 462 672; x_wconf 90' lang='lat' dir='ltr'><strong>a</strong></span> <span class='ocrx_word' id='word_1_6' title='bbox 475 608 626 693; x_wconf 72' lang='lat' dir='ltr'><strong>spurcitiis</strong></span> <span class='ocrx_word' id='word_1_7' title='bbox 651 606 834 687; x_wconf 77' lang='lat' dir='ltr'><strong>Gentilibus,</strong></span> <span class='ocrx_word' id='word_1_8' title='bbox 862 615 984 695; x_wconf 82' lang='lat' dir='ltr'><strong>accepto</strong></span> <span class='ocrx_word' id='word_1_9' title='bbox 999 608 1098 673; x_wconf 86' lang='lat' dir='ltr'><strong>multo</strong></span> <span class='ocrx_word' id='word_1_10' title='bbox 1123 630 1206 688; x_wconf 85' lang='lat' dir='ltr'><strong>auro,</strong></span> <span class='ocrx_word' id='word_1_11' title='bbox 1232 630 1412 694; x_wconf 85' lang='lat' dir='ltr'><strong>progressus</strong></span> 
     </span>
     <span class='ocr_line' id='line_1_3' title="bbox 311 710 1415 797; baseline -0.002 -20"><span class='ocrx_word' id='word_1_12' title='bbox 311 724 357 777; x_wconf 72' lang='lat' dir='ltr'><strong>sat</strong></span> <span class='ocrx_word' id='word_1_13' title='bbox 370 716 469 795; x_wconf 82' lang='lat' dir='ltr'><strong>empto</strong></span> <span class='ocrx_word' id='word_1_14' title='bbox 482 710 598 777; x_wconf 82' lang='lat' dir='ltr'><strong>itinere.</strong></span> <span class='ocrx_word' id='word_1_15' title='bbox 609 710 704 775; x_wconf 78' lang='lat' dir='ltr'><strong>Venit</strong></span> <span class='ocrx_word' id='word_1_16' title='bbox 713 731 786 795; x_wconf 78' lang='lat' dir='ltr'><strong>crgo</strong></span> <span class='ocrx_word' id='word_1_17' title='bbox 797 710 947 790; x_wconf 87' lang='lat' dir='ltr'><strong>Iconium,</strong></span> <span class='ocrx_word' id='word_1_18' title='bbox 963 716 994 776; x_wconf 88' lang='lat' dir='ltr'><strong>ct</strong></span> <span class='ocrx_word' id='word_1_19' title='bbox 1008 718 1179 796; x_wconf 84' lang='lat' dir='ltr'><strong>expugnata</strong></span> <span class='ocrx_word' id='word_1_20' title='bbox 1193 712 1324 790; x_wconf 84' lang='lat' dir='ltr'><strong>civitate,</strong></span> <span class='ocrx_word' id='word_1_21' title='bbox 1334 713 1415 797; x_wconf 86' lang='lat' dir='ltr'><strong>cepit</strong></span> 
     </span>
     <span class='ocr_line' id='line_1_4' title="bbox 311 816 1414 902; baseline -0.003 -20"><span class='ocrx_word' id='word_1_22' title='bbox 311 816 479 883; x_wconf 79' lang='lat' dir='ltr'><strong>Solitannm</strong></span> <span class='ocrx_word' id='word_1_23' title='bbox 494 823 524 881; x_wconf 91' lang='lat' dir='ltr'><strong>ct</strong></span> <span class='ocrx_word' id='word_1_24' title='bbox 534 838 629 881; x_wconf 88' lang='lat' dir='ltr'><strong>unum</strong></span> <span class='ocrx_word' id='word_1_25' title='bbox 643 816 775 881; x_wconf 83' lang='lat' dir='ltr'><strong>liliorum</strong></span> <span class='ocrx_word' id='word_1_26' title='bbox 790 817 864 902; x_wconf 87' lang='lat' dir='ltr'><strong>ejus.</strong></span> <span class='ocrx_word' id='word_1_27' title='bbox 931 816 1092 901; x_wconf 85' lang='lat' dir='ltr'><strong>Reliquum</strong></span> <span class='ocrx_word' id='word_1_28' title='bbox 1109 823 1207 881; x_wconf 87' lang='lat' dir='ltr'><strong>autem</strong></span> <span class='ocrx_word' id='word_1_29' title='bbox 1222 816 1322 881; x_wconf 86' lang='lat' dir='ltr'><strong>lilium</strong></span> <span class='ocrx_word' id='word_1_30' title='bbox 1337 817 1414 880; x_wconf 83' lang='lat' dir='ltr'><strong>Soli·</strong></span> 
     </span>
     <span class='ocr_line' id='line_1_5' title="bbox 311 918 1414 1003; baseline -0.001 -19"><span class='ocrx_word' id='word_1_31' title='bbox 311 920 386 997; x_wconf 90' lang='lat' dir='ltr'><strong>tani,</strong></span> <span class='ocrx_word' id='word_1_32' title='bbox 402 919 454 1003; x_wconf 91' lang='lat' dir='ltr'><strong>qui</strong></span> <span class='ocrx_word' id='word_1_33' title='bbox 468 926 583 1003; x_wconf 88' lang='lat' dir='ltr'><strong>patrem</strong></span> <span class='ocrx_word' id='word_1_34' title='bbox 599 941 687 984; x_wconf 91' lang='lat' dir='ltr'><strong>suum</strong></span> <span class='ocrx_word' id='word_1_35' title='bbox 712 919 910 1003; x_wconf 68' lang='lat' dir='ltr'><strong>captivaverat</strong></span> <span class='ocrx_word' id='word_1_36' title='bbox 925 928 955 983; x_wconf 91' lang='lat' dir='ltr'><strong>et</strong></span> <span class='ocrx_word' id='word_1_37' title='bbox 969 940 1096 1003; x_wconf 87' lang='lat' dir='ltr'><strong>regnum</strong></span> <span class='ocrx_word' id='word_1_38' title='bbox 1111 918 1277 997; x_wconf 82' lang='lat' dir='ltr'><strong>obtinebat,</strong></span> <span class='ocrx_word' id='word_1_39' title='bbox 1294 918 1414 983; x_wconf 89' lang='lat' dir='ltr'><strong>dnobus</strong></span> 
     </span>
     <span class='ocr_line' id='line_1_6' title="bbox 311 1020 1414 1106; baseline 0 -21"><span class='ocrx_word' id='word_1_40' title='bbox 311 1021 420 1106; x_wconf 84' lang='lat' dir='ltr'><strong>praeliis</strong></span> <span class='ocrx_word' id='word_1_41' title='bbox 434 1020 562 1085; x_wconf 79' lang='lat' dir='ltr'><strong>confecit</strong></span> <span class='ocrx_word' id='word_1_42' title='bbox 575 1027 606 1084; x_wconf 92' lang='lat' dir='ltr'><strong>et</strong></span> <span class='ocrx_word' id='word_1_43' title='bbox 631 1020 746 1104; x_wconf 83' lang='lat' dir='ltr'><strong>expulit</strong></span> <span class='ocrx_word' id='word_1_44' title='bbox 770 1020 807 1085; x_wconf 89' lang='lat' dir='ltr'><strong>de</strong></span> <span class='ocrx_word' id='word_1_45' title='bbox 829 1028 917 1085; x_wconf 88' lang='lat' dir='ltr'><strong>terra.</strong></span> <span class='ocrx_word' id='word_1_46' title='bbox 976 1022 1068 1085; x_wconf 79' lang='lat' dir='ltr'><strong>Facta</strong></span> <span class='ocrx_word' id='word_1_47' title='bbox 1090 1022 1185 1104; x_wconf 86' lang='lat' dir='ltr'><strong>igitur</strong></span> <span class='ocrx_word' id='word_1_48' title='bbox 1203 1020 1326 1085; x_wconf 90' lang='lat' dir='ltr'><strong>demum</strong></span> <span class='ocrx_word' id='word_1_49' title='bbox 1340 1044 1414 1105; x_wconf 91' lang='lat' dir='ltr'><strong>pace</strong></span> 
     </span>
     <span class='ocr_line' id='line_1_7' title="bbox 315 1122 1415 1206; baseline 0 -19"><span class='ocrx_word' id='word_1_50' title='bbox 315 1145 385 1187; x_wconf 93' lang='lat' dir='ltr'><strong>cum</strong></span> <span class='ocrx_word' id='word_1_51' title='bbox 400 1122 542 1200; x_wconf 87' lang='lat' dir='ltr'><strong>Solitsno,</strong></span> <span class='ocrx_word' id='word_1_52' title='bbox 558 1128 680 1206; x_wconf 85' lang='lat' dir='ltr'><strong>accepto</strong></span> <span class='ocrx_word' id='word_1_53' title='bbox 695 1122 791 1186; x_wconf 89' lang='lat' dir='ltr'><strong>multo</strong></span> <span class='ocrx_word' id='word_1_54' title='bbox 807 1144 880 1187; x_wconf 89' lang='lat' dir='ltr'><strong>auro</strong></span> <span class='ocrx_word' id='word_1_55' title='bbox 895 1128 926 1185; x_wconf 88' lang='lat' dir='ltr'><strong>et</strong></span> <span class='ocrx_word' id='word_1_56' title='bbox 939 1122 1058 1201; x_wconf 87' lang='lat' dir='ltr'><strong>viatico,</strong></span> <span class='ocrx_word' id='word_1_57' title='bbox 1084 1124 1194 1186; x_wconf 87' lang='lat' dir='ltr'><strong>omissa</strong></span> <span class='ocrx_word' id='word_1_58' title='bbox 1208 1128 1308 1186; x_wconf 90' lang='lat' dir='ltr'><strong>tamen</strong></span> <span class='ocrx_word' id='word_1_59' title='bbox 1325 1136 1415 1187; x_wconf 87' lang='lat' dir='ltr'><strong>eausa</strong></span> 
     </span>
     <span class='ocr_line' id='line_1_8' title="bbox 314 1223 1417 1309; baseline -0.003 -20"><span class='ocrx_word' id='word_1_60' title='bbox 314 1224 374 1290; x_wconf 88' lang='lat' dir='ltr'><strong>Dei</strong></span> <span class='ocrx_word' id='word_1_61' title='bbox 388 1224 425 1289; x_wconf 88' lang='lat' dir='ltr'><strong>de</strong></span> <span class='ocrx_word' id='word_1_62' title='bbox 448 1224 522 1289; x_wconf 75' lang='lat' dir='ltr'><strong>Fide</strong></span> <span class='ocrx_word' id='word_1_63' title='bbox 547 1223 738 1309; x_wconf 81' lang='lat' dir='ltr'><strong>propaganda</strong></span> <span class='ocrx_word' id='word_1_64' title='bbox 763 1230 794 1288; x_wconf 88' lang='lat' dir='ltr'><strong>et</strong></span> <span class='ocrx_word' id='word_1_65' title='bbox 817 1224 1009 1288; x_wconf 85' lang='lat' dir='ltr'><strong>conversione</strong></span> <span class='ocrx_word' id='word_1_66' title='bbox 1033 1224 1149 1308; x_wconf 88' lang='lat' dir='ltr'><strong>populi,</strong></span> <span class='ocrx_word' id='word_1_67' title='bbox 1172 1223 1313 1307; x_wconf 84' lang='lat' dir='ltr'><strong>progredi</strong></span> <span class='ocrx_word' id='word_1_68' title='bbox 1325 1224 1417 1307; x_wconf 88' lang='lat' dir='ltr'><strong>coepit</strong></span> 
     </span>
     <span class='ocr_line' id='line_1_9' title="bbox 313 1326 1417 1410; baseline -0.005 -16"><span class='ocrx_word' id='word_1_69' title='bbox 313 1350 416 1394; x_wconf 86' lang='lat' dir='ltr'><strong>versus</strong></span> <span class='ocrx_word' id='word_1_70' title='bbox 430 1326 631 1392; x_wconf 84' lang='lat' dir='ltr'><strong>Antiochiam.</strong></span> <span class='ocrx_word' id='word_1_71' title='bbox 647 1326 781 1389; x_wconf 83' lang='lat' dir='ltr'><strong>Veniens</strong></span> <span class='ocrx_word' id='word_1_72' title='bbox 796 1326 889 1410; x_wconf 85' lang='lat' dir='ltr'><strong>igitur</strong></span> <span class='ocrx_word' id='word_1_73' title='bbox 903 1326 982 1390; x_wconf 89' lang='lat' dir='ltr'><strong>inter</strong></span> <span class='ocrx_word' id='word_1_74' title='bbox 996 1332 1138 1390; x_wconf 90' lang='lat' dir='ltr'><strong>montana</strong></span> <span class='ocrx_word' id='word_1_75' title='bbox 1152 1326 1189 1389; x_wconf 90' lang='lat' dir='ltr'><strong>ad</strong></span> <span class='ocrx_word' id='word_1_76' title='bbox 1205 1348 1326 1389; x_wconf 88' lang='lat' dir='ltr'><strong>amnem</strong></span> <span class='ocrx_word' id='word_1_77' title='bbox 1338 1326 1417 1409; x_wconf 90' lang='lat' dir='ltr'><strong>rapi·</strong></span> 
     </span>
     <span class='ocr_line' id='line_1_10' title="bbox 314 1426 1419 1514; baseline -0.005 -17"><span class='ocrx_word' id='word_1_78' title='bbox 314 1430 397 1509; x_wconf 88' lang='lat' dir='ltr'><strong>dnm,</strong></span> <span class='ocrx_word' id='word_1_79' title='bbox 423 1428 560 1495; x_wconf 88' lang='lat' dir='ltr'><strong>consedit</strong></span> <span class='ocrx_word' id='word_1_80' title='bbox 583 1450 675 1514; x_wconf 85' lang='lat' dir='ltr'><strong>anper</strong></span> <span class='ocrx_word' id='word_1_81' title='bbox 700 1428 795 1512; x_wconf 89' lang='lat' dir='ltr'><strong>ripam</strong></span> <span class='ocrx_word' id='word_1_82' title='bbox 818 1428 883 1513; x_wconf 89' lang='lat' dir='ltr'><strong>ejus</strong></span> <span class='ocrx_word' id='word_1_83' title='bbox 913 1426 951 1492; x_wconf 89' lang='lat' dir='ltr'><strong>ad</strong></span> <span class='ocrx_word' id='word_1_84' title='bbox 976 1428 1145 1512; x_wconf 88' lang='lat' dir='ltr'><strong>prandium,</strong></span> <span class='ocrx_word' id='word_1_85' title='bbox 1172 1426 1244 1492; x_wconf 88' lang='lat' dir='ltr'><strong>dum</strong></span> <span class='ocrx_word' id='word_1_86' title='bbox 1270 1428 1419 1491; x_wconf 81' lang='lat' dir='ltr'><strong>exercitus</strong></span> 
     </span>
     <span class='ocr_line' id='line_1_11' title="bbox 315 1528 1418 1614; baseline -0.005 -15"><span class='ocrx_word' id='word_1_87' title='bbox 315 1534 462 1599; x_wconf 75' lang='lat' dir='ltr'><strong>namnet.</strong></span> <span class='ocrx_word' id='word_1_88' title='bbox 484 1530 693 1597; x_wconf 81' lang='lat' dir='ltr'><strong>Crebrescente</strong></span> <span class='ocrx_word' id='word_1_89' title='bbox 708 1530 800 1614; x_wconf 87' lang='lat' dir='ltr'><strong>igitur</strong></span> <span class='ocrx_word' id='word_1_90' title='bbox 815 1530 893 1595; x_wconf 85' lang='lat' dir='ltr'><strong>fama</strong></span> <span class='ocrx_word' id='word_1_91' title='bbox 907 1530 939 1593; x_wconf 91' lang='lat' dir='ltr'><strong>in</strong></span> <span class='ocrx_word' id='word_1_92' title='bbox 954 1528 1078 1594; x_wconf 87' lang='lat' dir='ltr'><strong>Oriente</strong></span> <span class='ocrx_word' id='word_1_93' title='bbox 1093 1530 1131 1593; x_wconf 91' lang='lat' dir='ltr'><strong>de</strong></span> <span class='ocrx_word' id='word_1_94' title='bbox 1146 1530 1282 1594; x_wconf 83' lang='lat' dir='ltr'><strong>conlecto</strong></span> <span class='ocrx_word' id='word_1_95' title='bbox 1298 1530 1418 1614; x_wconf 87' lang='lat' dir='ltr'><strong>Imper-</strong></span> 
     </span>
     <span class='ocr_line' id='line_1_12' title="bbox 317 1633 1421 1719; baseline -0.004 -19"><span class='ocrx_word' id='word_1_96' title='bbox 317 1641 400 1700; x_wconf 88' lang='lat' dir='ltr'><strong>atore</strong></span> <span class='ocrx_word' id='word_1_97' title='bbox 424 1633 755 1719; x_wconf 83' lang='lat' dir='ltr'><strong>Constantinopolitano</strong></span> <span class='ocrx_word' id='word_1_98' title='bbox 770 1639 801 1697; x_wconf 92' lang='lat' dir='ltr'><strong>et</strong></span> <span class='ocrx_word' id='word_1_99' title='bbox 815 1634 965 1717; x_wconf 86' lang='lat' dir='ltr'><strong>captivato</strong></span> <span class='ocrx_word' id='word_1_100' title='bbox 981 1633 1127 1710; x_wconf 69' lang='lat' dir='ltr'><strong>bolitano,</strong></span> <span class='ocrx_word' id='word_1_101' title='bbox 1152 1640 1183 1697; x_wconf 88' lang='lat' dir='ltr'><strong>et</strong></span> <span class='ocrx_word' id='word_1_102' title='bbox 1199 1640 1373 1718; x_wconf 82' lang='lat' dir='ltr'><strong>expugnato</strong></span> <span class='ocrx_word' id='word_1_103' title='bbox 1389 1640 1421 1696; x_wconf 91' lang='lat' dir='ltr'><strong>et</strong></span> 
     </span>
     <span class='ocr_line' id='line_1_13' title="bbox 317 1734 1421 1821; baseline -0.001 -21"><span class='ocrx_word' id='word_1_104' title='bbox 317 1737 422 1821; x_wconf 84' lang='lat' dir='ltr'><strong>fugato</strong></span> <span class='ocrx_word' id='word_1_105' title='bbox 436 1736 501 1800; x_wconf 79' lang='lat' dir='ltr'><strong>filio</strong></span> <span class='ocrx_word' id='word_1_106' title='bbox 516 1736 589 1821; x_wconf 87' lang='lat' dir='ltr'><strong>ejus,</strong></span> <span class='ocrx_word' id='word_1_107' title='bbox 604 1736 747 1799; x_wconf 85' lang='lat' dir='ltr'><strong>miserant</strong></span> <span class='ocrx_word' id='word_1_108' title='bbox 763 1758 865 1801; x_wconf 89' lang='lat' dir='ltr'><strong>omnes</strong></span> <span class='ocrx_word' id='word_1_109' title='bbox 881 1735 1039 1799; x_wconf 84' lang='lat' dir='ltr'><strong>orientales</strong></span> <span class='ocrx_word' id='word_1_110' title='bbox 1062 1735 1176 1819; x_wconf 84' lang='lat' dir='ltr'><strong>legatos</strong></span> <span class='ocrx_word' id='word_1_111' title='bbox 1192 1741 1222 1798; x_wconf 91' lang='lat' dir='ltr'><strong>et</strong></span> <span class='ocrx_word' id='word_1_112' title='bbox 1237 1736 1368 1799; x_wconf 89' lang='lat' dir='ltr'><strong>nuncios</strong></span> <span class='ocrx_word' id='word_1_113' title='bbox 1383 1734 1421 1798; x_wconf 91' lang='lat' dir='ltr'><strong>ad</strong></span> 
     </span>
     <span class='ocr_line' id='line_1_14' title="bbox 314 1836 1422 1923; baseline -0.005 -19"><span class='ocrx_word' id='word_1_114' title='bbox 314 1838 544 1904; x_wconf 86' lang='lat' dir='ltr'><strong>invictissimum</strong></span> <span class='ocrx_word' id='word_1_115' title='bbox 557 1838 772 1923; x_wconf 88' lang='lat' dir='ltr'><strong>imperatorem,</strong></span> <span class='ocrx_word' id='word_1_116' title='bbox 787 1860 842 1923; x_wconf 90' lang='lat' dir='ltr'><strong>pro</strong></span> <span class='ocrx_word' id='word_1_117' title='bbox 856 1859 928 1921; x_wconf 87' lang='lat' dir='ltr'><strong>pace</strong></span> <span class='ocrx_word' id='word_1_118' title='bbox 943 1836 999 1901; x_wconf 90' lang='lat' dir='ltr'><strong>sibi</strong></span> <span class='ocrx_word' id='word_1_119' title='bbox 1014 1836 1221 1921; x_wconf 89' lang='lat' dir='ltr'><strong>comparanda.</strong></span> <span class='ocrx_word' id='word_1_120' title='bbox 1263 1837 1422 1901; x_wconf 88' lang='lat' dir='ltr'><strong>Gloriosus</strong></span> 
     </span>
     <span class='ocr_line' id='line_1_15' title="bbox 321 1938 1422 2025; baseline 0 -22"><span class='ocrx_word' id='word_1_121' title='bbox 321 1939 416 2025; x_wconf 79' lang='lat' dir='ltr'><strong>igitur</strong></span> <span class='ocrx_word' id='word_1_122' title='bbox 429 1939 598 2023; x_wconf 86' lang='lat' dir='ltr'><strong>imperator,</strong></span> <span class='ocrx_word' id='word_1_123' title='bbox 614 1945 645 2002; x_wconf 89' lang='lat' dir='ltr'><strong>et</strong></span> <span class='ocrx_word' id='word_1_124' title='bbox 663 1938 758 2003; x_wconf 84' lang='lat' dir='ltr'><strong>elatas</strong></span> <span class='ocrx_word' id='word_1_125' title='bbox 773 1939 810 2003; x_wconf 90' lang='lat' dir='ltr'><strong>de</strong></span> <span class='ocrx_word' id='word_1_126' title='bbox 833 1940 1012 2004; x_wconf 87' lang='lat' dir='ltr'><strong>nunciorum</strong></span> <span class='ocrx_word' id='word_1_127' title='bbox 1036 1938 1202 2023; x_wconf 81' lang='lat' dir='ltr'><strong>frequentia</strong></span> <span class='ocrx_word' id='word_1_128' title='bbox 1221 1944 1253 2003; x_wconf 91' lang='lat' dir='ltr'><strong>ct</strong></span> <span class='ocrx_word' id='word_1_129' title='bbox 1280 1939 1422 2023; x_wconf 82' lang='lat' dir='ltr'><strong>magnili-</strong></span> 
     </span>
     <span class='ocr_line' id='line_1_16' title="bbox 318 2039 1422 2125; baseline -0.002 -19"><span class='ocrx_word' id='word_1_130' title='bbox 318 2041 426 2119; x_wconf 86' lang='lat' dir='ltr'><strong>centia,</strong></span> <span class='ocrx_word' id='word_1_131' title='bbox 437 2040 492 2105; x_wconf 85' lang='lat' dir='ltr'><strong>din</strong></span> <span class='ocrx_word' id='word_1_132' title='bbox 504 2039 639 2105; x_wconf 86' lang='lat' dir='ltr'><strong>consedit</strong></span> <span class='ocrx_word' id='word_1_133' title='bbox 653 2040 690 2105; x_wconf 90' lang='lat' dir='ltr'><strong>ad</strong></span> <span class='ocrx_word' id='word_1_134' title='bbox 705 2041 873 2125; x_wconf 88' lang='lat' dir='ltr'><strong>prandium,</strong></span> <span class='ocrx_word' id='word_1_135' title='bbox 885 2041 980 2106; x_wconf 86' lang='lat' dir='ltr'><strong>donec</strong></span> <span class='ocrx_word' id='word_1_136' title='bbox 993 2047 1075 2105; x_wconf 87' lang='lat' dir='ltr'><strong>totus</strong></span> <span class='ocrx_word' id='word_1_137' title='bbox 1090 2040 1238 2105; x_wconf 79' lang='lat' dir='ltr'><strong>exereitus</strong></span> <span class='ocrx_word' id='word_1_138' title='bbox 1253 2042 1422 2105; x_wconf 85' lang='lat' dir='ltr'><strong>transisset.</strong></span> 
     </span>
     <span class='ocr_line' id='line_1_17' title="bbox 322 2142 1423 2228; baseline 0 -21"><span class='ocrx_word' id='word_1_139' title='bbox 322 2143 427 2214; x_wconf 79' lang='lat' dir='ltr'><strong>Quum</strong></span> <span class='ocrx_word' id='word_1_140' title='bbox 444 2143 537 2228; x_wconf 82' lang='lat' dir='ltr'><strong>igitur</strong></span> <span class='ocrx_word' id='word_1_141' title='bbox 551 2142 724 2207; x_wconf 86' lang='lat' dir='ltr'><strong>suaderetur</strong></span> <span class='ocrx_word' id='word_1_142' title='bbox 736 2143 765 2206; x_wconf 92' lang='lat' dir='ltr'><strong>ei</strong></span> <span class='ocrx_word' id='word_1_143' title='bbox 780 2150 815 2207; x_wconf 90' lang='lat' dir='ltr'><strong>ut</strong></span> <span class='ocrx_word' id='word_1_144' title='bbox 830 2165 906 2227; x_wconf 89' lang='lat' dir='ltr'><strong>equo</strong></span> <span class='ocrx_word' id='word_1_145' title='bbox 921 2143 1060 2208; x_wconf 85' lang='lat' dir='ltr'><strong>transiret</strong></span> <span class='ocrx_word' id='word_1_146' title='bbox 1076 2144 1217 2227; x_wconf 87' lang='lat' dir='ltr'><strong>quoniam</strong></span> <span class='ocrx_word' id='word_1_147' title='bbox 1232 2143 1332 2207; x_wconf 86' lang='lat' dir='ltr'><strong>amnis</strong></span> <span class='ocrx_word' id='word_1_148' title='bbox 1342 2166 1423 2207; x_wconf 83' lang='lat' dir='ltr'><strong>crev-</strong></span> 
     </span>
     <span class='ocr_line' id='line_1_18' title="bbox 322 2245 1517 2331; baseline -0.002 -20"><span class='ocrx_word' id='word_1_149' title='bbox 322 2253 385 2311; x_wconf 90' lang='lat' dir='ltr'><strong>erat</strong></span> <span class='ocrx_word' id='word_1_150' title='bbox 392 2246 531 2311; x_wconf 83' lang='lat' dir='ltr'><strong>resolutis</strong></span> <span class='ocrx_word' id='word_1_151' title='bbox 539 2246 658 2310; x_wconf 90' lang='lat' dir='ltr'><strong>nivibus</strong></span> <span class='ocrx_word' id='word_1_152' title='bbox 669 2246 826 2323; x_wconf 90' lang='lat' dir='ltr'><strong>montium,</strong></span> <span class='ocrx_word' id='word_1_153' title='bbox 838 2246 892 2309; x_wconf 89' lang='lat' dir='ltr'><strong>ille&#39;</strong></span> <span class='ocrx_word' id='word_1_154' title='bbox 899 2247 1071 2331; x_wconf 90' lang='lat' dir='ltr'><strong>imperator,</strong></span> <span class='ocrx_word' id='word_1_155' title='bbox 1083 2254 1215 2311; x_wconf 88' lang='lat' dir='ltr'><strong>aestuans</strong></span> <span class='ocrx_word' id='word_1_156' title='bbox 1226 2256 1349 2331; x_wconf 90' lang='lat' dir='ltr'><strong>sumpto</strong></span> <span class='ocrx_word' id='word_1_157' title='bbox 1359 2245 1424 2309; x_wconf 90' lang='lat' dir='ltr'><strong>cibo</strong></span> <span class='ocrx_word' id='word_1_158' title='bbox 1516 2282 1517 2285; x_wconf 16' lang='grc' dir='ltr'><strong>κ</strong></span> 
     </span>
     <span class='ocr_line' id='line_1_19' title="bbox 322 2348 1423 2435; baseline -0.002 -21"><span class='ocrx_word' id='word_1_159' title='bbox 322 2356 354 2415; x_wconf 89' lang='lat' dir='ltr'><strong>et</strong></span> <span class='ocrx_word' id='word_1_160' title='bbox 382 2355 468 2435; x_wconf 89' lang='lat' dir='ltr'><strong>potu,</strong></span> <span class='ocrx_word' id='word_1_161' title='bbox 497 2356 528 2413; x_wconf 89' lang='lat' dir='ltr'><strong>ct</strong></span> <span class='ocrx_word' id='word_1_162' title='bbox 552 2349 656 2414; x_wconf 71' lang='lat' dir='ltr'><strong>aestivo</strong></span> <span class='ocrx_word' id='word_1_163' title='bbox 685 2348 781 2413; x_wconf 90' lang='lat' dir='ltr'><strong>calore</strong></span> <span class='ocrx_word' id='word_1_164' title='bbox 810 2356 926 2427; x_wconf 85' lang='lat' dir='ltr'><strong>urente,</strong></span> <span class='ocrx_word' id='word_1_165' title='bbox 960 2348 1126 2433; x_wconf 81' lang='lat' dir='ltr'><strong>pras-elegit</strong></span> <span class='ocrx_word' id='word_1_166' title='bbox 1156 2348 1257 2413; x_wconf 89' lang='lat' dir='ltr'><strong>nando</strong></span> <span class='ocrx_word' id='word_1_167' title='bbox 1286 2349 1423 2413; x_wconf 86' lang='lat' dir='ltr'><strong>transire.</strong></span> 
     </span>
     <span class='ocr_line' id='line_1_20' title="bbox 325 2450 1428 2535; baseline 0 -20"><span class='ocrx_word' id='word_1_168' title='bbox 325 2452 429 2523; x_wconf 79' lang='lat' dir='ltr'><strong>Quum</strong></span> <span class='ocrx_word' id='word_1_169' title='bbox 451 2452 545 2535; x_wconf 62' lang='lat' dir='ltr'><strong>iffl&#39;tur</strong></span> <span class='ocrx_word' id='word_1_170' title='bbox 558 2450 724 2516; x_wconf 84' lang='lat' dir='ltr'><strong>balneando</strong></span> <span class='ocrx_word' id='word_1_171' title='bbox 739 2450 888 2535; x_wconf 85' lang='lat' dir='ltr'><strong>attigisset</strong></span> <span class='ocrx_word' id='word_1_172' title='bbox 904 2451 1074 2517; x_wconf 86' lang='lat' dir='ltr'><strong>ulteriorem</strong></span> <span class='ocrx_word' id='word_1_173' title='bbox 1101 2452 1205 2535; x_wconf 87' lang='lat' dir='ltr'><strong>ripam,</strong></span> <span class='ocrx_word' id='word_1_174' title='bbox 1223 2451 1335 2515; x_wconf 89' lang='lat' dir='ltr'><strong>avulsit</strong></span> <span class='ocrx_word' id='word_1_175' title='bbox 1358 2464 1428 2515; x_wconf 89' lang='lat' dir='ltr'><strong>enm</strong></span> 
     </span>
     <span class='ocr_line' id='line_1_21' title="bbox 325 2554 1428 2640; baseline -0.002 -19"><span class='ocrx_word' id='word_1_176' title='bbox 325 2556 414 2640; x_wconf 89' lang='lat' dir='ltr'><strong>aripa</strong></span> <span class='ocrx_word' id='word_1_177' title='bbox 428 2555 568 2620; x_wconf 89' lang='lat' dir='ltr'><strong>terrentis</strong></span> <span class='ocrx_word' id='word_1_178' title='bbox 578 2556 717 2639; x_wconf 86' lang='lat' dir='ltr'><strong>impetus,</strong></span> <span class='ocrx_word' id='word_1_179' title='bbox 736 2561 767 2618; x_wconf 90' lang='lat' dir='ltr'><strong>et</strong></span> <span class='ocrx_word' id='word_1_180' title='bbox 778 2554 862 2619; x_wconf 89' lang='lat' dir='ltr'><strong>illisit</strong></span> <span class='ocrx_word' id='word_1_181' title='bbox 873 2577 942 2620; x_wconf 87' lang='lat' dir='ltr'><strong>enm</strong></span> <span class='ocrx_word' id='word_1_182' title='bbox 952 2555 1091 2640; x_wconf 87' lang='lat' dir='ltr'><strong>scopulis,</strong></span> <span class='ocrx_word' id='word_1_183' title='bbox 1104 2576 1259 2639; x_wconf 89' lang='lat' dir='ltr'><strong>quousque</strong></span> <span class='ocrx_word' id='word_1_184' title='bbox 1268 2556 1428 2639; x_wconf 83' lang='lat' dir='ltr'><strong>expiraret.</strong></span> 
     </span>
     <span class='ocr_line' id='line_1_22' title="bbox 325 2655 1428 2741; baseline 0.001 -21"><span class='ocrx_word' id='word_1_185' title='bbox 325 2658 469 2721; x_wconf 79' lang='lat' dir='ltr'><strong>Extracto</strong></span> <span class='ocrx_word' id='word_1_186' title='bbox 490 2655 593 2739; x_wconf 86' lang='lat' dir='ltr'><strong>itaqua</strong></span> <span class='ocrx_word' id='word_1_187' title='bbox 616 2661 737 2719; x_wconf 91' lang='lat' dir='ltr'><strong>mortno</strong></span> <span class='ocrx_word' id='word_1_188' title='bbox 761 2656 938 2739; x_wconf 88' lang='lat' dir='ltr'><strong>imperatore</strong></span> <span class='ocrx_word' id='word_1_189' title='bbox 958 2656 995 2721; x_wconf 92' lang='lat' dir='ltr'><strong>ab</strong></span> <span class='ocrx_word' id='word_1_190' title='bbox 1022 2658 1116 2741; x_wconf 88' lang='lat' dir='ltr'><strong>aquis,</strong></span> <span class='ocrx_word' id='word_1_191' title='bbox 1146 2656 1345 2721; x_wconf 88' lang='lat' dir='ltr'><strong>conturbatus</strong></span> <span class='ocrx_word' id='word_1_192' title='bbox 1382 2663 1428 2721; x_wconf 86' lang='lat' dir='ltr'><strong>est</strong></span> 
     </span>
     <span class='ocr_line' id='line_1_23' title="bbox 326 2755 1427 2837; baseline -0.001 -13"><span class='ocrx_word' id='word_1_193' title='bbox 326 2758 423 2824; x_wconf 90' lang='lat' dir='ltr'><strong>omnia</strong></span> <span class='ocrx_word' id='word_1_194' title='bbox 438 2756 593 2835; x_wconf 86' lang='lat' dir='ltr'><strong>exercitus,</strong></span> <span class='ocrx_word' id='word_1_195' title='bbox 608 2764 639 2822; x_wconf 87' lang='lat' dir='ltr'><strong>et</strong></span> <span class='ocrx_word' id='word_1_196' title='bbox 649 2779 666 2821; x_wconf 90' lang='lat' dir='ltr'><strong>e</strong></span> <span class='ocrx_word' id='word_1_197' title='bbox 678 2755 778 2822; x_wconf 87' lang='lat' dir='ltr'><strong>vicino</strong></span> <span class='ocrx_word' id='word_1_198' title='bbox 789 2758 961 2825; x_wconf 81' lang='lat' dir='ltr'><strong>defecerunt</strong></span> <span class='ocrx_word' id='word_1_199' title='bbox 972 2759 1121 2837; x_wconf 89' lang='lat' dir='ltr'><strong>victualis,</strong></span> <span class='ocrx_word' id='word_1_200' title='bbox 1136 2765 1172 2823; x_wconf 89' lang='lat' dir='ltr'><strong>ut</strong></span> <span class='ocrx_word' id='word_1_201' title='bbox 1186 2768 1253 2823; x_wconf 90' lang='lat' dir='ltr'><strong>tum</strong></span> <span class='ocrx_word' id='word_1_202' title='bbox 1268 2760 1348 2824; x_wconf 74' lang='lat' dir='ltr'><strong>farm</strong></span> <span class='ocrx_word' id='word_1_203' title='bbox 1361 2767 1427 2824; x_wconf 89' lang='lat' dir='ltr'><strong>tum</strong></span> 
     </span>
     <span class='ocr_line' id='line_1_24' title="bbox 323 2859 1427 2945; baseline 0.002 -20"><span class='ocrx_word' id='word_1_204' title='bbox 323 2860 500 2925; x_wconf 80' lang='lat' dir='ltr'><strong>infirmitate</strong></span> <span class='ocrx_word' id='word_1_205' title='bbox 514 2859 670 2939; x_wconf 79' lang='lat' dir='ltr'><strong>delicerct3</strong></span> <span class='ocrx_word' id='word_1_206' title='bbox 686 2866 717 2925; x_wconf 90' lang='lat' dir='ltr'><strong>et</strong></span> <span class='ocrx_word' id='word_1_207' title='bbox 731 2860 781 2925; x_wconf 85' lang='lat' dir='ltr'><strong>vir</strong></span> <span class='ocrx_word' id='word_1_208' title='bbox 805 2863 1003 2945; x_wconf 79' lang='lat' dir='ltr'><strong>sexagesimus</strong></span> <span class='ocrx_word' id='word_1_209' title='bbox 1025 2862 1115 2925; x_wconf 91' lang='lat' dir='ltr'><strong>homo</strong></span> <span class='ocrx_word' id='word_1_210' title='bbox 1131 2862 1168 2925; x_wconf 89' lang='lat' dir='ltr'><strong>dc</strong></span> <span class='ocrx_word' id='word_1_211' title='bbox 1191 2862 1324 2927; x_wconf 86' lang='lat' dir='ltr'><strong>exercitu</strong></span> <span class='ocrx_word' id='word_1_212' title='bbox 1345 2864 1427 2927; x_wconf 91' lang='lat' dir='ltr'><strong>veni-</strong></span> 
     </span>
     <span class='ocr_line' id='line_1_25' title="bbox 325 2961 1429 3050; baseline 0.001 -23"><span class='ocrx_word' id='word_1_213' title='bbox 325 2968 372 3027; x_wconf 87' lang='lat' dir='ltr'><strong>ret</strong></span> <span class='ocrx_word' id='word_1_214' title='bbox 386 2962 419 3026; x_wconf 92' lang='lat' dir='ltr'><strong>in</strong></span> <span class='ocrx_word' id='word_1_215' title='bbox 443 2962 632 3041; x_wconf 84' lang='lat' dir='ltr'><strong>Palestinsm,</strong></span> <span class='ocrx_word' id='word_1_216' title='bbox 659 2985 728 3027; x_wconf 94' lang='lat' dir='ltr'><strong>cnm</strong></span> <span class='ocrx_word' id='word_1_217' title='bbox 754 2961 830 3028; x_wconf 89' lang='lat' dir='ltr'><strong>duee</strong></span> <span class='ocrx_word' id='word_1_218' title='bbox 854 2965 979 3043; x_wconf 83' lang='lat' dir='ltr'><strong>Sucviae,</strong></span> <span class='ocrx_word' id='word_1_219' title='bbox 1006 2964 1070 3028; x_wconf 87' lang='lat' dir='ltr'><strong>lilio</strong></span> <span class='ocrx_word' id='word_1_220' title='bbox 1095 2965 1207 3049; x_wconf 82' lang='lat' dir='ltr'><strong>praelati</strong></span> <span class='ocrx_word' id='word_1_221' title='bbox 1231 2965 1429 3050; x_wconf 90' lang='lat' dir='ltr'><strong>imperatoris,</strong></span> 
     </span>
     <span class='ocr_line' id='line_1_26' title="bbox 325 3064 1120 3149; baseline 0.003 -20"><span class='ocrx_word' id='word_1_222' title='bbox 325 3064 377 3149; x_wconf 90' lang='lat' dir='ltr'><strong>qui</strong></span> <span class='ocrx_word' id='word_1_223' title='bbox 398 3070 430 3129; x_wconf 88' lang='lat' dir='ltr'><strong>et</strong></span> <span class='ocrx_word' id='word_1_224' title='bbox 451 3071 589 3131; x_wconf 89' lang='lat' dir='ltr'><strong>mortuus</strong></span> <span class='ocrx_word' id='word_1_225' title='bbox 610 3071 657 3130; x_wconf 88' lang='lat' dir='ltr'><strong>est</strong></span> <span class='ocrx_word' id='word_1_226' title='bbox 678 3065 758 3149; x_wconf 89' lang='lat' dir='ltr'><strong>apud</strong></span> <span class='ocrx_word' id='word_1_227' title='bbox 782 3065 968 3131; x_wconf 87' lang='lat' dir='ltr'><strong>obsidionem</strong></span> <span class='ocrx_word' id='word_1_228' title='bbox 990 3069 1120 3131; x_wconf 75' lang='lat' dir='ltr'><strong>Aeacon.</strong></span> 
     </span>
    </p>

    <p class='ocr_par' dir='ltr' id='par_1_3' title="bbox 324 3166 1433 3973">
     <span class='ocr_line' id='line_1_27' title="bbox 371 3166 1428 3254; baseline 0.003 -23"><span class='ocrx_word' id='word_1_229' title='bbox 371 3166 431 3231; x_wconf 89' lang='lat' dir='ltr'><strong>His</strong></span> <span class='ocrx_word' id='word_1_230' title='bbox 445 3166 550 3232; x_wconf 88' lang='lat' dir='ltr'><strong>diebus</strong></span> <span class='ocrx_word' id='word_1_231' title='bbox 565 3167 704 3245; x_wconf 81' lang='lat' dir='ltr'><strong>Alienos,</strong></span> <span class='ocrx_word' id='word_1_232' title='bbox 718 3168 820 3253; x_wconf 81' lang='lat' dir='ltr'><strong>aquilo</strong></span> <span class='ocrx_word' id='word_1_233' title='bbox 834 3170 916 3251; x_wconf 70' lang='lat' dir='ltr'><strong>saepti</strong></span> <span class='ocrx_word' id='word_1_234' title='bbox 927 3172 1091 3254; x_wconf 82' lang='lat' dir='ltr'><strong>†soedcris,</strong></span> <span class='ocrx_word' id='word_1_235' title='bbox 1108 3168 1195 3235; x_wconf 76' lang='lat' dir='ltr'><strong>duxit</strong></span> <span class='ocrx_word' id='word_1_236' title='bbox 1204 3170 1428 3254; x_wconf 85' lang='lat' dir='ltr'><strong>Berengariam,</strong></span> 
     </span>
     <span class='ocr_line' id='line_1_28' title="bbox 325 3269 1430 3359; baseline 0.002 -24"><span class='ocrx_word' id='word_1_237' title='bbox 325 3269 420 3335; x_wconf 87' lang='lat' dir='ltr'><strong>liliam</strong></span> <span class='ocrx_word' id='word_1_238' title='bbox 434 3271 512 3355; x_wconf 85' lang='lat' dir='ltr'><strong>regis</strong></span> <span class='ocrx_word' id='word_1_239' title='bbox 537 3270 688 3348; x_wconf 76' lang='lat' dir='ltr'><strong>Navarra,</strong></span> <span class='ocrx_word' id='word_1_240' title='bbox 702 3271 736 3334; x_wconf 91' lang='lat' dir='ltr'><strong>in</strong></span> <span class='ocrx_word' id='word_1_241' title='bbox 751 3270 884 3337; x_wconf 83' lang='lat' dir='ltr'><strong>Siciliam</strong></span> <span class='ocrx_word' id='word_1_242' title='bbox 910 3294 1004 3357; x_wconf 89' lang='lat' dir='ltr'><strong>usqua</strong></span> <span class='ocrx_word' id='word_1_243' title='bbox 1032 3273 1213 3350; x_wconf 84' lang='lat' dir='ltr'><strong>Messanam,</strong></span> <span class='ocrx_word' id='word_1_244' title='bbox 1236 3275 1350 3359; x_wconf 86' lang='lat' dir='ltr'><strong>nuptui</strong></span> <span class='ocrx_word' id='word_1_245' title='bbox 1364 3274 1430 3337; x_wconf 87' lang='lat' dir='ltr'><strong>lilio</strong></span> 
     </span>
     <span class='ocr_line' id='line_1_29' title="bbox 325 3368 1429 3461; baseline 0.005 -26"><span class='ocrx_word' id='word_1_246' title='bbox 325 3392 382 3435; x_wconf 89' lang='lat' dir='ltr'><strong>suo</strong></span> <span class='ocrx_word' id='word_1_247' title='bbox 393 3373 530 3451; x_wconf 84' lang='lat' dir='ltr'><strong>Ricardo,</strong></span> <span class='ocrx_word' id='word_1_248' title='bbox 555 3368 619 3457; x_wconf 86' lang='lat' dir='ltr'><strong>regi</strong></span> <span class='ocrx_word' id='word_1_249' title='bbox 634 3370 763 3457; x_wconf 80' lang='lat' dir='ltr'><strong>Anglire,</strong></span> <span class='ocrx_word' id='word_1_250' title='bbox 787 3380 876 3458; x_wconf 86' lang='lat' dir='ltr'><strong>rupto</strong></span> <span class='ocrx_word' id='word_1_251' title='bbox 891 3375 1000 3441; x_wconf 84' lang='lat' dir='ltr'><strong>foedere</strong></span> <span class='ocrx_word' id='word_1_252' title='bbox 1016 3375 1096 3461; x_wconf 92' lang='lat' dir='ltr'><strong>quod</strong></span> <span class='ocrx_word' id='word_1_253' title='bbox 1111 3381 1232 3459; x_wconf 87' lang='lat' dir='ltr'><strong>pactum</strong></span> <span class='ocrx_word' id='word_1_254' title='bbox 1246 3377 1345 3441; x_wconf 82' lang='lat' dir='ltr'><strong>luerat</strong></span> <span class='ocrx_word' id='word_1_255' title='bbox 1359 3399 1429 3441; x_wconf 89' lang='lat' dir='ltr'><strong>cum</strong></span> 
     </span>
     <span class='ocr_line' id='line_1_30' title="bbox 328 3474 1429 3563; baseline 0.004 -24"><span class='ocrx_word' id='word_1_256' title='bbox 328 3474 438 3552; x_wconf 78' lang='lat' dir='ltr'><strong>Alesia,</strong></span> <span class='ocrx_word' id='word_1_257' title='bbox 453 3498 553 3539; x_wconf 86' lang='lat' dir='ltr'><strong>sorore</strong></span> <span class='ocrx_word' id='word_1_258' title='bbox 567 3474 701 3563; x_wconf 91' lang='lat' dir='ltr'><strong>Philippi</strong></span> <span class='ocrx_word' id='word_1_259' title='bbox 724 3478 804 3559; x_wconf 87' lang='lat' dir='ltr'><strong>regis</strong></span> <span class='ocrx_word' id='word_1_260' title='bbox 820 3476 960 3542; x_wconf 70' lang='lat' dir='ltr'><strong>Francis.</strong></span> <span class='ocrx_word' id='word_1_261' title='bbox 1021 3480 1182 3545; x_wconf 82' lang='lat' dir='ltr'><strong>Psaeierant</strong></span> <span class='ocrx_word' id='word_1_262' title='bbox 1198 3480 1276 3544; x_wconf 89' lang='lat' dir='ltr'><strong>enim</strong></span> <span class='ocrx_word' id='word_1_263' title='bbox 1295 3502 1330 3545; x_wconf 89' lang='lat' dir='ltr'><strong>eo</strong></span> <span class='ocrx_word' id='word_1_264' title='bbox 1351 3486 1429 3543; x_wconf 91' lang='lat' dir='ltr'><strong>tem-</strong></span> 
     </span>
     <span class='ocr_line' id='line_1_31' title="bbox 326 3577 1430 3663; baseline 0.005 -25"><span class='ocrx_word' id='word_1_265' title='bbox 326 3598 398 3661; x_wconf 92' lang='lat' dir='ltr'><strong>pore</strong></span> <span class='ocrx_word' id='word_1_266' title='bbox 412 3598 463 3640; x_wconf 87' lang='lat' dir='ltr'><strong>rex</strong></span> <span class='ocrx_word' id='word_1_267' title='bbox 476 3577 634 3663; x_wconf 88' lang='lat' dir='ltr'><strong>Philippus</strong></span> <span class='ocrx_word' id='word_1_268' title='bbox 656 3580 796 3657; x_wconf 89' lang='lat' dir='ltr'><strong>Januam,</strong></span> <span class='ocrx_word' id='word_1_269' title='bbox 812 3585 843 3643; x_wconf 90' lang='lat' dir='ltr'><strong>et</strong></span> <span class='ocrx_word' id='word_1_270' title='bbox 868 3600 920 3643; x_wconf 84' lang='lat' dir='ltr'><strong>rex</strong></span> <span class='ocrx_word' id='word_1_271' title='bbox 935 3579 1102 3645; x_wconf 83' lang='lat' dir='ltr'><strong>Richardus</strong></span> <span class='ocrx_word' id='word_1_272' title='bbox 1127 3581 1303 3659; x_wconf 84' lang='lat' dir='ltr'><strong>Massiliam,</strong></span> <span class='ocrx_word' id='word_1_273' title='bbox 1329 3581 1368 3644; x_wconf 89' lang='lat' dir='ltr'><strong>ab</strong></span> <span class='ocrx_word' id='word_1_274' title='bbox 1383 3580 1430 3643; x_wconf 87' lang='lat' dir='ltr'><strong>his</strong></span> 
     </span>
     <span class='ocr_line' id='line_1_32' title="bbox 324 3678 1430 3768; baseline 0.003 -26"><span class='ocrx_word' id='word_1_275' title='bbox 324 3678 461 3765; x_wconf 89' lang='lat' dir='ltr'><strong>portibus</strong></span> <span class='ocrx_word' id='word_1_276' title='bbox 489 3681 655 3766; x_wconf 81' lang='lat' dir='ltr'><strong>navigaturi</strong></span> <span class='ocrx_word' id='word_1_277' title='bbox 678 3704 780 3746; x_wconf 89' lang='lat' dir='ltr'><strong>versus</strong></span> <span class='ocrx_word' id='word_1_278' title='bbox 809 3681 1009 3747; x_wconf 73' lang='lat' dir='ltr'><strong>Palaestinam.</strong></span> <span class='ocrx_word' id='word_1_279' title='bbox 1070 3684 1236 3768; x_wconf 84' lang='lat' dir='ltr'><strong>Navigavit</strong></span> <span class='ocrx_word' id='word_1_280' title='bbox 1257 3684 1355 3768; x_wconf 83' lang='lat' dir='ltr'><strong>igitur</strong></span> <span class='ocrx_word' id='word_1_281' title='bbox 1377 3705 1430 3746; x_wconf 81' lang='lat' dir='ltr'><strong>rex</strong></span> 
     </span>
     <span class='ocr_line' id='line_1_33' title="bbox 330 3781 1431 3869; baseline 0.003 -23"><span class='ocrx_word' id='word_1_282' title='bbox 330 3781 476 3847; x_wconf 86' lang='lat' dir='ltr'><strong>Ricardns</strong></span> <span class='ocrx_word' id='word_1_283' title='bbox 504 3783 683 3864; x_wconf 86' lang='lat' dir='ltr'><strong>Messanam,</strong></span> <span class='ocrx_word' id='word_1_284' title='bbox 719 3792 755 3849; x_wconf 91' lang='lat' dir='ltr'><strong>nt</strong></span> <span class='ocrx_word' id='word_1_285' title='bbox 785 3784 826 3849; x_wconf 92' lang='lat' dir='ltr'><strong>ibi</strong></span> <span class='ocrx_word' id='word_1_286' title='bbox 854 3784 1022 3869; x_wconf 84' lang='lat' dir='ltr'><strong>hyemando</strong></span> <span class='ocrx_word' id='word_1_287' title='bbox 1052 3786 1272 3869; x_wconf 83' lang='lat' dir='ltr'><strong>praestolaretur</strong></span> <span class='ocrx_word' id='word_1_288' title='bbox 1297 3786 1431 3849; x_wconf 84' lang='lat' dir='ltr'><strong>laturam</strong></span> 
     </span>
     <span class='ocr_line' id='line_1_34' title="bbox 330 3887 1433 3973; baseline 0.002 -24"><span class='ocrx_word' id='word_1_289' title='bbox 330 3906 453 3950; x_wconf 89' lang='lat' dir='ltr'><strong>uxorem</strong></span> <span class='ocrx_word' id='word_1_290' title='bbox 468 3908 561 3952; x_wconf 91' lang='lat' dir='ltr'><strong>snam.</strong></span> <span class='ocrx_word' id='word_1_291' title='bbox 607 3887 674 3953; x_wconf 82' lang='lat' dir='ltr'><strong>Rex</strong></span> <span class='ocrx_word' id='word_1_292' title='bbox 696 3894 797 3953; x_wconf 88' lang='lat' dir='ltr'><strong>autem</strong></span> <span class='ocrx_word' id='word_1_293' title='bbox 820 3888 988 3973; x_wconf 88' lang='lat' dir='ltr'><strong>Philippus,</strong></span> <span class='ocrx_word' id='word_1_294' title='bbox 1011 3887 1210 3973; x_wconf 83' lang='lat' dir='ltr'><strong>introgressus</strong></span> <span class='ocrx_word' id='word_1_295' title='bbox 1234 3910 1324 3966; x_wconf 87' lang='lat' dir='ltr'><strong>mare,</strong></span> <span class='ocrx_word' id='word_1_296' title='bbox 1349 3894 1433 3953; x_wconf 89' lang='lat' dir='ltr'><strong>actus</strong></span> 
     </span>
    </p>
   </div>
   <div class='ocr_carea' id='block_1_3' title="bbox 512 4124 1184 4197">
    <p class='ocr_par' dir='ltr' id='par_1_4' title="bbox 512 4124 1184 4197">
     <span class='ocr_line' id='line_1_35' title="bbox 512 4124 1184 4197; baseline 0.006 -20"><span class='ocrx_word' id='word_1_297' title='bbox 512 4129 527 4188; x_wconf 74' lang='lat' dir='ltr'><strong>t</strong></span> <span class='ocrx_word' id='word_1_298' title='bbox 539 4125 588 4177; x_wconf 87' lang='lat' dir='ltr'><strong>See</strong></span> <span class='ocrx_word' id='word_1_299' title='bbox 601 4124 647 4179; x_wconf 87' lang='lat' dir='ltr'><strong>the</strong></span> <span class='ocrx_word' id='word_1_300' title='bbox 659 4125 792 4197; x_wconf 84' lang='lat' dir='ltr'><strong>prophesy</strong></span> <span class='ocrx_word' id='word_1_301' title='bbox 806 4126 837 4179; x_wconf 82' lang='lat' dir='ltr'><strong>ol</strong></span> <span class='ocrx_word' id='word_1_302' title='bbox 846 4127 945 4183; x_wconf 86' lang='lat' dir='ltr'><strong>Merlin</strong></span> <span class='ocrx_word' id='word_1_303' title='bbox 959 4128 999 4180; x_wconf 85' lang='lat' dir='ltr'><strong>sor</strong></span> <span class='ocrx_word' id='word_1_304' title='bbox 1011 4127 1066 4181; x_wconf 84' lang='lat' dir='ltr'><strong>this</strong></span> <span class='ocrx_word' id='word_1_305' title='bbox 1077 4127 1184 4197; x_wconf 84' lang='lat' dir='ltr'><strong>legend.</strong></span> 
     </span>
    </p>
   </div>
   <div class='ocr_carea' id='block_1_4' title="bbox 0 0 1545 5134">
    <p class='ocr_par' dir='ltr' id='par_1_5' title="bbox 0 0 1545 5134">
     <span class='ocr_line' id='line_1_36' title="bbox 0 0 1545 5134; baseline 0 0"><span class='ocrx_word' id='word_1_306' title='bbox 0 0 1545 5134; x_wconf 95' lang='lat' dir='ltr'><strong> </strong></span> 
     </span>
    </p>
   </div>
  </div>
 </body>
</html>
