3042 5134
288 501 328 561 22
671 498 816 562 Raouurr
856 499 958 562 Nrnnr

292 672 381 734 Unde
409 671 548 749 moriens,
576 672 719 755 Agrippae
748 672 869 757 reliquit
898 695 1034 756 regnum.
1082 674 1183 759 Hujus
1212 680 1350 757 tempore

292 775 396 837 Simon
411 795 516 856 magns
531 774 621 857 coepit
635 774 770 837 homines
789 774 944 858 decipere3
968 784 998 838 et
1013 774 1123 839 dicitur
1144 775 1181 840 ab
1198 776 1350 859 aliquibus

294 876 417 938 Petrum
431 875 468 938 de
479 876 650 953 Antiochia,
667 875 719 939 nbi
734 878 817 960 prius
830 877 986 961 episcopus
995 879 1092 942 factus
1106 879 1213 955 luerat,
1224 879 1351 941 Romam

295 978 422 1054 vonisse,
437 984 468 1040 et
485 977 621 1041 Marcum
637 979 808 1064 episcopum
824 980 1013 1043 Alexandriae
1028 981 1168 1065 martyrio
1183 980 1330 1043 interisse.

334 1081 416 1143 Ilnic
437 1080 561 1144 Claudio
583 1081 700 1145 Tiberio
722 1089 792 1165 post
815 1087 834 1146 8
857 1105 951 1147 annos
973 1082 1115 1146 successit
1144 1084 1237 1159 Nero,
1263 1089 1347 1167 post-

228 1241 231 1244 .
291 1183 388 1267 posito
417 1182 481 1245 lilio
510 1204 564 1245 sno
596 1183 783 1258 Britannico,
813 1184 851 1249 ab
880 1185 1083 1249 incarnatione
1116 1184 1238 1248 Domini
1266 1206 1349 1248 anuo

291 1283 537 1368 quinguagesimo
559 1284 695 1367 septimo.
741 1285 905 1368 Imperavit
926 1286 1010 1361 annis
1035 1289 1074 1349 13
1098 1292 1127 1348 et
1144 1290 1162 1349 8
1178 1285 1343 1349 mensibus.

291 1386 364 1463 Iste,
381 1391 399 1449 5
415 1386 501 1449 annis
517 1386 678 1463 modestus,
693 1392 798 1470 postea
811 1386 908 1450 factus
928 1388 1084 1471 pessimus,
1101 1388 1227 1451 Romam
1242 1388 1347 1451 multis

292 1487 471 1551 cruciatibus
491 1488 602 1552 allecit.
647 1489 711 1551 Iste
727 1488 850 1551 Festum
872 1496 1092 1570 procuratorem
1108 1512 1197 1553 suurn
1213 1489 1296 1553 misit
1310 1490 1345 1553 in

292 1588 442 1667 Judaeam,
458 1590 510 1673 qni
527 1588 646 1653 beatum
672 1589 795 1653 Paulum
816 1591 896 1654 misit
919 1591 1055 1656 Romam.
1099 1594 1191 1656 Anno
1211 1595 1249 1657 70
1270 1593 1348 1675 ejus,

294 1693 314 1756 J
317 1691 436 1768 acobns,
451 1692 550 1775 justus
566 1692 731 1776 episcopus,
750 1692 963 1777 Hierosolymis
978 1694 1125 1778 lapidatus
1135 1702 1178 1757 est
1189 1718 1206 1757 a
1218 1692 1346 1770 Judais,

292 1801 323 1857 et
338 1795 449 1877 pertica
463 1793 585 1856 lullonis
600 1793 805 1858 excerebratus
826 1802 881 1871 est,
899 1796 969 1878 quia
989 1795 1181 1859 conl'teretur
1196 1802 1226 1858 et
1240 1796 1347 1878 praedi-

294 1903 374 1985 caret
394 1894 503 1958 Jesum
526 1894 679 1957 Christum
698 1917 761 1958 esse
783 1896 879 1959 lilium
903 1897 971 1960 Dei.
1017 1898 1063 1960 Eo
1085 1904 1219 1980 tempore
1242 1897 1346 1959 Simon

293 2019 399 2081 magus
428 2003 596 2081 captaverat
624 1997 788 2073 Neronem,
821 1998 894 2062 adeo
930 2007 964 2062 ut
994 2021 1062 2062 eum
1092 1998 1176 2063 Nero
1206 1998 1349 2062 omnibus

293 2100 444 2182 praeferret
458 2097 638 2162 hominibus.
685 2099 792 2162 Petrus
809 2122 877 2163 vero
892 2101 924 2163 in
939 2100 1012 2164 urbe
1038 2100 1131 2163 multa
1154 2101 1240 2184 signa
1254 2100 1346 2163 lacie-

292 2200 353 2278 bat,
381 2201 429 2264 cui
458 2200 585 2263 occurrit
611 2200 724 2278 Simon,
745 2202 887 2284 jactitans
913 2222 945 2264 se
965 2209 1098 2265 mortuos
1124 2203 1351 2266 suscitaturum.

296 2303 315 2366 J
321 2326 413 2367 uvene
435 2303 538 2387 igitur,
568 2302 736 2386 propinquo
766 2302 899 2380 Oaesaris,
930 2310 1058 2381 mortuo,
1089 2304 1205 2368 delatus
1235 2313 1281 2367 est
1311 2304 1344 2367 in

293 2406 434 2482 medinm,
462 2428 587 2468 evocans
614 2405 730 2468 Simoni
756 2412 787 2468 et
812 2406 902 2469 Petro
929 2406 966 2469 ad
989 2428 1058 2469 eum
1078 2404 1296 2483 suscitandum,
1310 2414 1341 2469 et

293 2509 432 2571 convenit
451 2508 529 2570 inter
552 2528 603 2569 eos
627 2512 672 2582 nt,
696 2506 720 2568 si
748 2506 852 2569 Simon
877 2529 945 2570 eum
970 2508 1136 2586 suscitaret,
1161 2507 1349 2571 occideretur

294 2610 423 2685 Petrns;
449 2616 479 2671 et
493 2630 510 2670 e
525 2628 677 2669 converso.
723 2606 827 2676 Quum
847 2622 946 2672 antem
961 2609 1043 2673 omni
1058 2632 1178 2672 susurro
1193 2616 1224 2671 ct
1238 2616 1350 2674 conatu

292 2710 408 2793 magico
424 2709 525 2771 Simon
543 2706 691 2784 deiiceret,
707 2708 748 2772 ait
774 2709 877 2772 Petrus
890 2710 1011 2794 juveni:
1036 2716 1057 2745 “
1069 2711 1108 2773 Iu
1128 2710 1248 2773 nornine
1271 2710 1348 2775 Jesu

293 2810 406 2875 Christi
426 2810 560 2874 crucifixi
587 2826 682 2893 surge
698 2818 728 2873 et
753 2809 904 2875 ambula.'’
950 2812 991 2875 Et
1019 2812 1146 2876 surrexit
1173 2813 1223 2895 qni
1248 2813 1348 2877 luerat

293 2918 438 2975 mortuus.
484 2910 587 2979 Quum
609 2910 702 2994 ign'tnr
725 2911 865 2994 populus,
892 2934 928 2976 ex
950 2912 1100 2989 condicto,
1127 2920 1299 2997 exsurgeret
1313 2914 1347 2977 iu

293 3010 444 3074 Simonem
458 3008 662 3092 lapidandum,
681 3019 801 3092 ereptus
823 3017 869 3073 est
884 3032 936 3093 per
957 3010 989 3073 N
991 3010 1088 3073 evonis
1103 3010 1258 3074 auxilium.
1303 3012 1346 3075 nt

295 3134 388 3196 quum
403 3118 515 3195 postea,
534 3110 630 3194 gratia
650 3110 788 3185 Simonis
813 3112 897 3175 Nero
921 3119 1063 3194 quaereret
1082 3111 1206 3175 Petrum
1226 3112 1264 3176 ad
1278 3114 1358 3195 per-'

293 3214 436 3291 dandum,
451 3214 502 3276 vix
523 3211 671 3296 acquievit
692 3212 799 3276 Petrus
825 3219 861 3275 ut
881 3211 1038 3276 secederet.
1082 3212 1125 3276 nt
1145 3234 1240 3296 quum
1260 3236 1346 3279 mane

296 3315 486 3400 egrederetur
494 3314 576 3377 venit
585 3314 613 3378 ei
622 3313 758 3377 Christus
769 3313 896 3377 obviam.
927 3313 984 3377 Oui
995 3313 1102 3377 Petrus
1112 3314 1164 3392 ait,
1176 3320 1196 3349 “
1205 3315 1345 3395 Domine,

293 3442 353 3503 quo
363 3418 445 3481 vadis
456 3418 470 3481 Ρ
481 3416 502 3446 ’'
518 3423 549 3480 et
561 3416 718 3491 Dominus,
730 3422 751 3451 “
764 3417 860 3480 Venio
873 3417 997 3480 Romam
1010 3416 1117 3479 iterum
1130 3416 1274 3499 cruciligi.
1290 3418 1344 3481 In·

293 3520 430 3603 telligens
454 3518 548 3601 igitur
562 3518 670 3581 Petrus
686 3516 723 3580 de
737 3540 792 3581 sua
806 3518 942 3603 passione
958 3517 1083 3594 dictum,
1096 3539 1230 3582 reversus
1240 3525 1297 3596 est,
1314 3526 1345 3583 et

293 3627 405 3698 tentus,
420 3625 451 3682 et
465 3618 645 3696 crucifixum
675 3625 707 3682 et·
729 3619 841 3683 Paulus
864 3619 960 3703 capite
981 3625 1147 3695 truncatus,
1164 3618 1246 3701 qnod
1270 3619 1346 3683 Sim-

293 3746 382 3789 onem
407 3720 565 3797 volantem,
582 3720 665 3803 quasi
681 3720 718 3784 ad
733 3720 842 3785 coelum
857 3741 1062 3798 ascensurum,
1082 3720 1266 3785 orationibus
1284 3722 1346 3787 suis

293 3827 331 3892 ad
352 3830 477 3888 mortem
495 3822 737 3906 praecipitassent.

337 3928 429 3991 Petro
457 3925 551 4009 igitur
580 3926 684 3989 Rornae
713 3924 855 3988 successit
883 3923 989 4001 Linea,
1018 3921 1123 3987 Marco
1155 3922 1347 3988 Alexandria

292 4029 439 4104 Auienus,
469 4025 583 4090 Jacobo
607 4025 821 4111 Hierosolymis
842 4026 954 4101 Simon,
985 4024 1067 4088 lilius
1094 4024 1241 4107 Cleophae,
1257 4025 1347 4089 Festo

291 4131 409 4219 praesidi
424 4129 523 4207 Judae,
544 4129 684 4205 Albinus,
699 4134 730 4191 et
752 4126 864 4191 Albino
879 4127 994 4191 Florus.
1055 4126 1116 4197 Qui
1131 4126 1217 4190 torsit
1232 4127 1347 4191 nobiles

293 4235 313 4299 J
316 4234 475 4310 udaeorum,
506 4234 537 4296 in
568 4237 773 4315 contemptum
797 4252 858 4294 suae
882 4229 1043 4313 religionis,
1088 4228 1170 4292 Nero
1197 4229 1289 4312 igitur
1311 4230 1344 4293 in
