3042 5134
291 497 333 561 66
696 492 842 561 arnum
864 490 969 559 Nrasr

295 664 466 731 Haeretious
478 664 736 747 constantium
757 641 812 749 hui
826 664 987 729 Anastasio
1002 663 1155 743 successit,
1171 670 1327 731 accusatus
1350 665 1405 731 de·

298 769 450 853 gradatur,
460 776 491 833 et
499 768 533 833 in
541 769 619 835 circo
630 792 720 855 super
729 768 846 835 asinum
855 769 984 854 turpiter
993 769 1109 854 positus
1122 775 1167 833 est
1178 770 1212 833 in
1223 769 1404 848 ludibrium,

262 926 273 935 .
297 879 328 937 et
339 880 443 958 postea
456 873 630 939 decollatus.
674 874 794 952 Nicets,
809 872 970 937 succedens
985 873 1022 951 ei,
1037 873 1126 937 erasit
1139 872 1285 957 imagines
1307 875 1403 937 Sanc-

295 984 406 1057 torum,
423 983 455 1042 et
478 977 653 1041 'lhsceutius
678 982 788 1061 praetor
810 974 973 1039 combussit
991 975 1129 1060 reliquias
1155 974 1345 1055 Sanctorum,
1370 986 1403 1041 et
1509 988 1510 1021 ³

295 1077 388 1143 libros
402 1079 595 1158 venundavit,
619 1078 650 1143 et
664 1079 775 1143 multos
796 1078 959 1143 monachos
974 1078 1092 1157 occidit,
1107 1084 1137 1143 et
1152 1078 1225 1143 alios
1240 1100 1293 1163 pro
1316 1079 1410 1143 Fide.¹

297 1180 388 1251 Quod
411 1187 442 1245 et
464 1181 624 1266 imperator
637 1181 780 1245 laudavit.
825 1180 954 1259 Interea,
977 1180 1114 1245 monachi
1139 1180 1251 1245 montis
1274 1180 1404 1261 Cassini,

297 1282 403 1349 Oarolo
418 1284 532 1369 Magno
543 1283 690 1349 monachu
701 1283 875 1367 instigante,
890 1307 908 1347 a
923 1283 1061 1347 Zacharm
1075 1304 1152 1369 papa
1166 1283 1406 1368 impetraverunt

300 1392 335 1451 ut
349 1386 521 1472 praeciperet
546 1385 604 1451 sibi
625 1386 709 1451 reddi
724 1408 832 1470 corpus
857 1384 937 1449 beati
952 1384 1115 1449 Benedicti
1159 1384 1253 1471 Cujus
1268 1384 1310 1450 rei
1325 1408 1405 1450 nun·
1510 1396 1511 1401 ’

300 1489 365 1554 cius
398 1489 470 1554 licet
500 1491 566 1576 ipse
594 1488 719 1554 Carolus
746 1488 882 1573 Magnus
910 1488 1026 1566 fuisset,
1055 1509 1118 1551 nou
1147 1485 1296 1553 obtinuit:
1333 1488 1406 1575 quia

302 1592 387 1658 Deus
402 1615 438 1658 eo
452 1593 593 1657 thesauro
608 1592 737 1658 Galliam
753 1592 872 1677 spoliari
887 1591 995 1657 noluit.

347 1696 495 1763 Zacharia
519 1719 604 1782 papae
629 1696 770 1762 successit
787 1696 966 1781 Stephanus,
990 1694 1040 1780 qui
1055 1716 1148 1780 quum
1169 1702 1352 1781 premeretur
1368 1696 1406 1762 ab

305 1799 469 1885 Aistulpho
492 1823 562 1885 rege
588 1799 695 1880 Italiae,
710 1800 743 1865 in
765 1822 891 1886 persona
905 1823 959 1865 sua
974 1800 1011 1865 ad
1025 1801 1170 1885 Pipinum
1188 1823 1243 1885 pro
1258 1801 1409 1887 adjutorio
1511 1846 1512 1861 2

306 1901 398 1981 venit,
413 1907 444 1965 et
459 1902 538 1986 apud
562 1902 704 1967 Sanctum
729 1902 909 1988 Dionysium
924 1902 1016 1967 altare
1030 1902 1255 1987 Apostolorum,
1271 1904 1354 1969 Petri
1377 1911 1410 1969 et

307 2002 403 2081 Pauli,
430 2004 620 2071 consecravit.
663 2005 705 2070 Et
719 2014 824 2091 postea
848 2004 964 2069 rediens
979 2004 1115 2083 Romam,
1138 2006 1245 2070 Sancto
1260 2006 1408 2092 Dionysio

307 2104 459 2172 basilicam
472 2108 617 2173 aedificare
632 2108 731 2193 coepit.
777 2106 876 2179 Quem
897 2128 1048 2172 successor
1062 2108 1126 2194 ejus
1141 2108 1254 2173 Paulus
1269 2132 1408 2177 consum·

308 2210 411 2289 mavit,
425 2210 574 2276 institutis
588 2210 622 2276 in
637 2234 671 2276 ea
686 2210 800 2277 Graecis
815 2209 1002 2297 presbyteris.

352 2312 483 2400 Papirius
504 2314 606 2399 igitur,
621 2314 773 2400 ingressus
795 2314 926 2393 Italiam,
942 2312 1057 2378 obsedit
1073 2312 1249 2392 Aistullum,
1265 2318 1296 2377 et
1318 2312 1355 2377 ab
1371 2336 1408 2378 eo
1512 2378 1513 2383 ,

308 2419 422 2503 accepit
445 2418 640 2505 quadraginta
660 2417 789 2496 obsides,
812 2417 892 2500 quod
916 2416 1036 2485 domino
1050 2440 1135 2503 papae
1159 2440 1211 2481 sua
1226 2417 1408 2481 restitueret.

309 2521 438 2587 Reverso
453 2543 521 2585 vero
535 2522 653 2607 Pipino,
669 2522 758 2605 tregit
770 2520 862 2585 lide-m
873 2520 1052 2605 Aistulphus
1065 2546 1073 2585 r
1087 2520 1137 2585 sed
1149 2527 1253 2605 postea
1266 2526 1408 2585 venatum

307 2646 443 2709 pergens,
459 2624 517 2688 Dei
539 2624 651 2709 judicio
671 2645 830 2709 percussus
845 2624 1009 2709 expiravit;
1034 2636 1064 2688 et
1079 2624 1106 2688 ei
1121 2624 1263 2688 successit
1285 2622 1411 2687 Deside-

308 2727 381 2791 rius.
436 2724 572 2811 Papinus
590 2748 659 2792 cum
683 2727 748 2792 filio
770 2750 825 2791 suo
843 2726 961 2793 Carolo
975 2727 1110 2812 regiones
1134 2727 1278 2792 finitimas
1304 2748 1410 2791 omnes

312 2828 503 2913 expugnavit.

353 2933 472 2999 Interea
480 2933 704 3015 Constantinus,
715 2935 895 3002 horribiliter
908 2943 1054 3015 mortuus,
1066 2932 1302 3013 Leocazariumil
1313 2934 1413 2999 lilium
1513 2950 1514 3035 l

309 3057 397 3100 suum
410 3035 530 3122 reliquit
543 3038 698 3103 haeredem.
721 3039 825 3103 Romae
836 3038 931 3103 Paulo
945 3038 1087 3103 successit
1098 3037 1171 3102 ulter
1182 3036 1363 3122 Stephanus,
1380 3044 1411 3101 et

307 3139 337 3204 ei
350 3138 511 3205 Adrianus.
569 3141 616 3206 Eo
630 3148 767 3226 tempore
787 3141 847 3205 luit
873 3149 995 3206 sanctus
1018 3141 1193 3205 Bonifatius
1208 3139 1415 3224 Magantinus

309 3241 362 3327 qui
400 3242 432 3307 in
466 3242 561 3308 Frisia
591 3250 638 3308 est
682 3243 899 3328 martyrizatus.
972 3242 1176 3320 Leocaaarius,
1206 3238 1412 3307 DOOLXXX

313 3341 351 3408 ab
377 3344 587 3438 Incarnatione
613 3346 738 3410 Domini
760 3353 876 3411 creatus
890 3346 1061 3431 imperator,
1086 3344 1289 3430 imperavitV
1315 3344 1413 3408 annis.

346 3544 360 3601 1
376 3541 542 3595 Hansrrcus
552 3541 774 3613 Cousrsurruos]
786 3544 938 3614 According
947 3551 974 3597 to
983 3562 998 3595 a
1007 3561 1070 3614 very
1080 3542 1223 3595 creditable
1233 3542 1378 3613 authority,
1390 3543 1413 3595 it

309 3643 363 3679 was
376 3626 542 3693 Anastasius,
555 3628 608 3681 and
617 3637 664 3682 not
676 3629 848 3683 Constantine
861 3631 919 3684 who
929 3648 982 3682 was
990 3629 1123 3699 degraded
1136 3648 1142 3681 ι
1158 3629 1203 3681 tbe
1216 3628 1315 3681 former
1329 3630 1414 3699 patri·

310 3710 375 3766 arch
387 3729 440 3764 was
453 3722 502 3765 not
513 3714 576 3785 only
589 3714 733 3785 degraded,
745 3717 795 3769 but
802 3716 904 3769 treated
917 3716 980 3770 with
990 3715 1081 3785 public
1090 3714 1228 3784 ignominy
1236 3715 1273 3783 by
1283 3712 1415 3765 Constan-

310 3799 367 3851 tine
379 3798 572 3869 copronymus,
586 3802 638 3854 and
652 3811 700 3854 not
711 3802 775 3871 only
788 3820 826 3866 so,
841 3803 889 3854 but
901 3820 955 3855 was
966 3800 1079 3878 soundly
1088 3799 1284 3863 bastiuadoed3
1303 3798 1356 3851 and
1372 3807 1416 3853 set

311 3901 384 3955 upon
398 3902 432 3938 au
454 3902 496 3937 ass
505 3885 569 3939 with
586 3888 627 3940 his
639 3888 708 3940 head
726 3888 841 3941 towards
850 3889 883 3941 its
894 3888 957 3952 tail;
970 3896 1016 3957 yet
1029 3887 1063 3939 he
1076 3904 1130 3939 was
1138 3885 1292 3938 afterwards
1304 3895 1418 3939 reesta-

313 3970 419 4025 blished
432 3989 461 4025 as
474 3972 619 4043 patriarch.
656 3975 705 4027 See
720 3974 862 4027 Banourus
876 3975 929 4027 and
942 3974 1086 4027 Connrnu’s
1101 3974 1182 4025 Hrsr.
1196 3972 1278 4025 Drcr.

349 4059 369 4119 ‘l
388 4061 602 4133 Laocszrnros]
614 4082 643 4117 or
653 4064 708 4118 Leo
722 4063 772 4127 lv,
785 4062 927 4116 surnsmed
936 4064 1091 4128 Cumanus,
1105 4080 1135 4116 or
1148 4061 1421 4113 Posrurroonurrus
1513 4082 1514 4087 ¹

316 4146 382 4198 obiit
394 4148 457 4201 780.
