3042 5134
313 430 375 495 1⁰0
737 422 887 489 Rroamr
909 424 1014 491 Nroar

311 568 493 649 Athelardas
525 601 588 658 rex,
615 577 721 643 XIIII
737 578 843 657 ‚annia
882 578 1071 655 Hathradm,
1099 580 1167 645 XII
1193 583 1289 654 annis,
1327 584 1412 669 Sige-

311 685 423 763 bertus,
456 684 487 748 X
515 683 610 748 annis.
655 681 826 767 Kyaeaulf,
857 680 955 747 XXX
980 683 1075 747 annis·
1119 684 1305 764 ,Brithrieua
1336 686 1418 749 XVI

314 788 410 854 annis.
464 785 627 871 Agbrrtus‚
655 785 747 849 XXV
768 786 864 863 annis,
892 790 922 848 et
948 808 1000 849 sex
1024 786 1185 851 mensibus.
1238 788 1414 866 Hadewuli,

317 891 433 955 XVIII
448 891 544 954 annis.
581 888 765 966 Eadbaldus,
791 887 874 951 iilius
899 889 973 973 ejus,
998 910 1059 953 uno
1083 911 1171 953 anno.
1214 890 1413 957 Athelhertus

315 995 408 1061 frater
422 994 497 1079 ejus,
524 992 574 1057 VI
588 992 683 1059 annis.
707 990 911 1063 Atheldredas
935 992 1026 1057 frater
1042 993 1115 1078 ejus,
1131 993 1161 1055 V
1186 995 1282 1059 annis.
1318 996 1418 1059 Aifre·

316 1097 374 1161 das
387 1096 478 1159 irater
502 1116 614 1174 sorum,
641 1094 735 1159 XXX
760 1094 856 1159 annis.
916 1093 978 1161 Hie
992 1094 1050 1163 fait
1064 1095 1114 1167 ille
1130 1118 1183 1163 rex
1207 1096 1336 1183 sapiens,
1363 1100 1417 1183 qui

315 1199 429 1285 primus
461 1197 595 1261 omnium
628 1218 734 1280 regum
778 1196 872 1261 totius
905 1196 1068 1265 Britanniae
1116 1198 1250 1269 diadema
1285 1200 1417 1283 suscepit

314 1300 441 1367 abeato
460 1300 562 1365 Leone
584 1321 669 1384 papa.
716 1298 779 1363 Hie
794 1321 863 1363 vero
885 1298 1022 1383 sepultus
1044 1301 1144 1364 estin
1167 1301 1266 1371 Venta
1282 1302 1418 1369 civitate.

315 1402 481 1469 Edwardus
500 1402 582 1470 filius
604 1402 668 1486 ejus
689 1400 826 1485 regnavit
848 1400 963 1467 XXIII
988 1402 1083 1465 annis.
1130 1402 1312 1467 Adelstanas
1335 1404 1419 1470 filius

315 1508 390 1593 ejas,
414 1505 519 1570 XIIII
541 1506 627 1569 annis
649 1518 679 1569 et
701 1502 767 1567 VII
790 1502 984 1567 hebdomadis
1007 1512 1037 1571 et
1059 1504 1156 1569 trihus
1177 1504 1292 1570 diebus.
1337 1507 1419 1571 Eae,

316 1610 448 1675 mundus
469 1610 561 1673 irater
590 1609 655 1693 ejus
676 1607 743 1671 VH
777 1608 863 1671 annis
886 1613 916 1671 et
945 1606 992 1671 VI
1026 1608 1191 1675 mensibus.
1255 1608 1420 1677 Eadwiaus

313 1712 395 1775 iilius
415 1710 587 1775 Eadmundi
607 1710 662 1774 III
683 1708 769 1773 annis
791 1716 821 1773 et
853 1710 1013 1775 XXXVII
1035 1710 1237 1783 hebdomadis.
1295 1710 1421 1794 Hadga-

316 1835 368 1878 rus
389 1813 479 1885 irater
501 1813 576 1897 ejus,
598 1811 677 1875 XVI
699 1812 785 1877 aunis
808 1818 839 1875 et
861 1811 946 1875 VIII
967 1812 1174 1884 hebdomadis.¹
1233 1813 1423 1885 Eadwardus

315 1914 398 1979 filius
428 1914 492 1999 ejus
523 1920 555 1977 et
585 1921 695 1999 martyr
731 1914 867 1993 effeetus,
899 1914 954 1982 III
987 1916 1072 1982 annis
1094 1924 1125 1979 et
1146 1916 1231 1989 VIII
1254 1916 1418 1987 mensibus

316 2017 499 2089 Athelredus
520 2016 610 2088 irater
632 2018 705 2102 ejus,
739 2017 920 2091 XXXVIII
952 2017 1048 2083 amris.
1103 2018 1302 2091 Eadmundas
1334 2019 1419 2083 iilius

316 2122 381 2210 ejus
396 2121 415 2190 I
433 2143 521 2185 anno.
575 2120 685 2198 Gnuto,
701 2120 786 2184 XIII
810 2120 916 2198 armis3
938 2120 990 2183 sed
1002 2142 1158 2204 nunquam
1172 2120 1231 2185 fuir
1246 2126 1418 2191 coronatus.

318 2223 468 2291 Haraldus
482 2223 564 2287 iilius
578 2224 653 2308 ejus,
670 2244 730 2287 uno
744 2244 833 2287 anno.
879 2222 1077 2287 Hardeonuto
1084 2223 1175 2287 irater
1189 2224 1253 2309 ejus
1267 2224 1306 2287 11
1317 2224 1417 2289 amris.

317 2326 500 2392 Eadwardas
513 2326 604 2391 Irater
618 2327 691 2411 ejus,
707 2325 759 2409 qui
772 2326 851 2409 jacet
864 2324 1006 2402 Lorrdini,
1024 2325 1142 2389 XXIII
1156 2326 1253 2389 annis.
1309 2326 1418 2390 Haral..

317 2429 383 2508 dus,
398 2428 457 2493 XL
480 2427 688 2495 hebdomadas.
734 2426 901 2491 Willelmus
928 2426 1064 2505 Bastard,
1090 2450 1187 2491 comes
1211 2428 1418 2505 Normanniae‚

317 2530 405 2595 XXI
419 2530 515 2609 annis,
528 2530 559 2593 V
573 2529 765 2596 hebdomadis
781 2530 890 2593 minus.
956 2528 1126 2593 VViIlelmus
1140 2530 1222 2594 Iilius
1236 2531 1312 2615 ejus,
1326 2530 1417 2595 XIII

317 2634 403 2701 anais
417 2641 448 2697 et
462 2633 510 2698 VI
524 2631 725 2704 hebdomadis.¹
784 2632 932 2705 Hearicus
946 2630 1037 2695 irater
1052 2633 1126 2717 ejus,
1143 2631 1271 2695 XXXV
1288 2633 1374 2697 annis
1390 2639 1419 2697 et

318 2734 404 2807 XVI
417 2734 614 2807 hebdomadis
628 2742 659 2799 et
672 2734 701 2797 V
716 2733 832 2807 dIebus.
879 2734 1057 2819 Stephanus
1067 2735 1223 2799 intervallo
1237 2735 1319 2802 Iacto
1326 2737 1420 2800 trium

321 2836 582 2914 hebdomadarum,
603 2838 739 2921 regnavit
759 2837 840 2901 XIX
863 2838 948 2899 anais
963 2843 994 2900 et
1007 2859 1112 2921 pamm
1134 2837 1212 2921 plus·
1259 2838 1420 2915 Hearieus,

318 2960 411 3024 nepos
421 2938 555 3016 Heariei,
571 2937 723 3008 XXXIII
734 2940 819 3003 annis
834 2947 864 3003 et
878 2939 926 3003 VI
942 2938 1092 3007 mensibus
1107 2947 1137 3007 et
1148 2939 1202 3013 III
1214 2939 1418 3018 hebdomadis,

302 3041 477 3127 adoptatus
499 3041 532 3112 ira
546 3062 743 3107 suooessorem
757 3065 776 3108 a
790 3064 858 3125 rege
887 3043 1047 3127 Stephana,
1064 3044 1114 3107 cui
1138 3049 1237 3114 tamen
1253 3042 1419 3115 debebatur

319 3166 446 3229 regnam
455 3145 525 3230 jure
539 3144 733 3217 haereditario.
779 3144 847 3223 Oui,
862 3146 941 3217 sieut
967 3147 1051 3230 prius
1066 3146 1182 3218 dietam
1205 3152 1260 3223 est,
1275 3147 1421 3213 suecessit

320 3248 466 3321 Ricardus
477 3247 560 3319 iilius
574 3248 649 3332 ejus,
664 3268 765 3314 comes
778 3248 928 3314 PIotaviae.
962 3248 1037 3321 Post
1051 3248 1179 3321 reditum
1196 3248 1330 3333 Philippi
1341 3249 1420 3333 regis

320 3350 358 3415 de
372 3351 533 3415 Palaestina
546 3351 580 3421 in
604 3351 770 3428 Franeiam‚
787 3350 915 3415 Ricardo
939 3372 1009 3435 rege
1035 3351 1159 3423 viriliter
1183 3360 1291 3435 agente
1317 3358 1421 3419 eontra

321 3452 503 3531 saladinum,
518 3476 588 3520 eum
612 3454 674 3525 suis
689 3462 720 3517 et
734 3454 866 3530 Francis,
882 3476 957 3537 quos
969 3453 1012 3519 ihi
1037 3476 1089 3524 rea
1104 3453 1263 3539 Philippus
1277 3452 1345 3519 loco
1361 3475 1417 3521 suo

321 3539 481 3633 dimiserat,
499 3563 562 3619 orta
572 3562 616 3619 est
632 3557 756 3640 quaestio
774 3556 810 3619 de
827 3578 897 3640 rege
923 3556 1068 3634 faciend0,
1095 3556 1217 3621 Francis
1240 3556 1421 3641 ehgentibus

320 3658 525 3730 Marehionrm
543 3657 796 3737 MontioFerrati,
815 3659 941 3733 Ricardo
958 3660 1087 3745 primum
1111 3660 1268 3737 renitente,
1290 3666 1421 3743 postmo-

321 3759 395 3831 dum
409 3767 510 3834 temera
524 3782 701 3833 eonsensum
716 3760 886 3841 adhibente,
903 3763 973 3846 quia
988 3763 1159 3829 traduxerat
1174 3762 1320 3829 haeredem
1335 3762 1421 3847 regni

321 3885 455 3939 uxorem,
470 3870 599 3948 ereptam
616 3862 654 3935 ab
671 3864 835 3929 Hemfredo
850 3864 1035 3942 deTurrum,
1053 3866 1104 3948 qui
1119 3887 1184 3929 eam
1195 3863 1302 3929 habuit
1318 3866 1421 3950 conju-

322 3989 400 4052 gem.
425 3964 454 4028 E
468 3967 567 4030 vicino
582 3989 652 4030 vero
666 3977 770 4052 postea
784 3992 800 4031 a
816 3990 995 4052 quocunque
1012 3972 1202 4053 procuratum
1223 3974 1278 4046 est,
1298 3968 1422 4033 utidem

322 4070 458 4144 Marohio
485 4068 522 4142 ab
548 4071 698 4142 Assaeinis
720 4070 918 4166 interemptus
933 4079 1011 4139 esset
1026 4071 1057 4135 in
1073 4069 1147 4135 urbe
1171 4070 1262 4164 Tyro,
1306 4069 1424 4141 Mortui
