3042 5134
347 529 409 591 124
745 524 892 590 Rnuunm
936 525 1039 590 Nmm

345 697 443 762 meriti
466 697 587 762 Arrium
610 695 648 763 ab
669 700 791 764 ecclesia
809 700 933 786 expulit.
978 700 1080 765 Natus
1102 708 1148 766 est
1163 701 1267 768 bratus
1282 705 1441 786 Martinus,

345 805 484 870 decennis
512 804 550 867 iit
575 804 809 882 cathecuminus‚
840 803 1018 888 quindennis
1044 804 1191 869 militavit.
1239 805 1348 880 Quum
1369 819 1441 874 esset

345 909 377 974 X
397 915 428 972 et
447 907 532 972 VIII
554 929 699 971 annorum
721 907 888 991 baptizatus
914 911 968 969 est.
1013 906 1089 970 Post
1114 906 1297 993 baptismum
1318 910 1439 977 biennio

342 1012 489 1078 militavit
534 1010 598 1075 Sub
627 1010 749 1075 Juliano
781 1010 862 1094 apud
884 1009 1073 1093 Vangionem
1101 1011 1216 1076 militina
1247 1015 1437 1080 renuntiavit.

343 1119 437 1184 Facta
462 1124 506 1180 est
532 1115 672 1180 minaeus
691 1115 724 1178 in
750 1113 980 1200 gratulationem
1003 1112 1127 1178 Juliani.
1186 1115 1337 1182 Conditus
1362 1119 1437 1182 Con·

343 1219 551 1306 stantinopolis
583 1226 614 1283 et
647 1218 804 1303 imperium
835 1217 868 1280 in
892 1217 1016 1299 gratiam
1049 1218 1234 1297 transfertur,
1266 1221 1437 1305 [patriciatu

341 1327 444 1391 Rornae
460 1321 687 1409 perseverante]
718 1319 933 1386 Constantinus
948 1342 1070 1384 uxorem
1081 1343 1163 1385 suam
1176 1321 1391 1406 deprehensam
1403 1327 1434 1390 iu

340 1427 485 1492 adulterio
513 1426 668 1491 immemor
695 1422 814 1508 pristini
843 1421 981 1488 beneficii
1010 1423 1128 1488 occidit.
1187 1423 1309 1490 Clarent
1338 1430 1433 1494 sancti

340 1531 470 1617 episcopi
492 1527 583 1593 Osius
601 1525 812 1603 Cordubensis,
829 1524 999 1590 Dorotheus
1018 1526 1135 1610 Tyrius,
1154 1525 1316 1592 Nectarins
1345 1527 1434 1596 Vien-

339 1633 450 1710 nensis,
460 1630 608 1696 Eusebius
619 1627 814 1705 Caesariensis,
825 1627 952 1692 Retinm
965 1628 1259 1712 Augustudunensis‚
1269 1631 1290 1694 i.
1313 1633 1434 1698 Ednen·

339 1737 389 1813 sis,
404 1733 555 1799 Ewnrtius
564 1732 786 1796 Aurelianensis
797 1739 826 1795 et
841 1731 1029 1816 Paphnutius
1041 1732 1093 1814 qui
1107 1732 1255 1798 caelibatni
1267 1735 1433 1804 indicenda

337 1836 471 1902 orientali
488 1834 619 1899 ecclesiae
639 1833 865 1898 contradixit'in
880 1833 1005 1898 coiioilio
1028 1833 1214 1914 Laodicensi,
1229 1837 1384 1904 confessor
1398 1842 1429 1906 in

337 1940 482 2024 AEgypto.
513 1937 626 2002 Claruit
640 1936 745 2001 beatus
759 1936 934 2006 Nioholaus.
975 1937 1112 2022 Synodus
1129 1938 1315 2023 Gangrensis
1330 1951 1433 2010 eontra

336 2042 533 2107 Eustachium
548 2048 753 2126 congregatur,
775 2039 806 2102 in
825 2062 884 2123 qua
905 2045 1052 2103 statutum
1066 2045 1112 2104 est
1126 2041 1282 2107 anathema
1298 2048 1430 2130 assequi

335 2147 414 2212 olera
428 2169 496 2212 oum
511 2167 598 2210 carne
615 2151 699 2208 cocta
708 2153 871 2208 exseratur.
896 2141 1247 2228 Templorumingressus
1260 2154 1307 2210 est
1321 2149 1429 2214 inhibi-

337 2256 398 2316 tus.
430 2247 666 2314 Constansiilius
674 2246 866 2312 Constantini
878 2245 1050 2329 provehitur
1064 2245 1103 2310 ad
1113 2268 1247 2331 regnum.
1287 2249 1432 2317 Constan-

332 2353 394 2419 tius
405 2353 495 2418 irater
508 2353 581 2439 ejus,
595 2353 627 2416 in
645 2350 799 2415 Arrianam
812 2347 947 2414 haeresim
962 2348 1099 2415 declinat.
1158 2350 1316 2417 {iuvencus
1324 2361 1429 2439 rogatu
1506 2343 1507 2388 l

334 2455 525 2521 Constantini
548 2452 734 2538 evangehum
756 2451 892 2516 versibus
917 2452 1044 2537 scripsit.
1099 2451 1231 2538 Corpora
1259 2463 1430 2522 sanctorum

332 2559 471 2636 Androm,
487 2557 587 2635 Luem,
602 2555 760 2634 Timothei,
775 2554 1065 2639 Constantinopolim
1079 2562 1151 2618 sunt
1166 2557 1318 2622 translata.
1349 2560 1428 2625 Con·

332 2661 482 2725 stantinus
502 2667 592 2744 caput
615 2679 730 2743 semper
744 2658 920 2736 diademate,
937 2664 967 2721 et
981 2665 1095 2722 vestem
1116 2660 1241 2742 gemmis
1257 2661 1395 2728 ornabat.
1407 2665 1428 2706 ὓ

331 2763 431 2826 Bonas
447 2769 524 2826 artes
539 2768 569 2825 et
584 2760 682 2824 studia
695 2759 860 2838 litterarum
875 2760 1001 2845 legebat.

336 2861 571 2928 VDXXXIIII.
635 2862 901 2926 Cossrnnrrnus
924 2882 1029 2926 murus
1059 2861 1214 2928 Hnuurvm
1244 2885 1430 2933 russanvrr
1505 2855 1506 2902 3

330 2985 433 3029 nnius
448 2965 577 3030 XXXI:
595 2966 764 3030 Ronanus
781 2985 826 3029 ax
844 2985 960 3044 aaran,
978 2965 1084 3030 Bnmo
1099 2987 1142 3028 nx
1158 2988 1285 3032 nassa.

390 3073 464 3137 Post
491 3071 719 3147 Constantinum
749 3073 929 3157 imperavere
957 3079 1018 3136 tres
1045 3073 1100 3136 lilii
1129 3075 1203 3158 ejus,
1233 3074 1429 3140 Constantius

328 3175 443 3253 Romae,
485 3175 701 3240 Constantinus
727 3174 991 3259 Constantinopoli
1002 3200 1011 3253 ;
1054 3175 1204 3240 Constans
1247 3178 1424 3242 Antioohiae
1504 3207 1505 3236 r

325 3279 507 3344 Athanasius
532 3277 750 3343 Menandrinus
774 3278 931 3362 episcopus
955 3277 1094 3341 adversus
1111 3278 1230 3342 Arrium
1257 3280 1311 3362 qui
1329 3280 1424 3344 diver·

326 3404 373 3445 sas
397 3383 429 3445 in
450 3383 585 3446 trinitate
604 3379 784 3465 predicabat
803 3377 985 3444 substantias
1008 3380 1156 3444 Laodiciae
1172 3381 1316 3465 disputat.
1364 3383 1425 3447 llio

325 3506 399 3568 puer
414 3483 574 3568 baptisavit
591 3485 659 3568 joco
674 3505 792 3567 pueros
839 3482 920 3547 Quia
936 3489 1035 3546 tamen
1057 3483 1090 3546 in
1112 3483 1208 3547 lorma
1223 3491 1338 3549 statuta
1353 3485 1423 3570 bap·

325 3587 440 3663 tizavit,
456 3609 518 3651 non
532 3594 578 3651 est
591 3588 716 3650 iteratus
731 3586 906 3672 baptismus.
937 3587 1143 3671 Arriusjuxta
1159 3586 1259 3650 lorum
1273 3587 1424 3652 Constan-

323 3690 383 3753 tini
401 3712 528 3775 pergens
541 3691 574 3753 in
596 3711 742 3753 secessum
764 3689 864 3754 eadem
882 3689 929 3753 die
948 3689 1121 3755 conflictum
1146 3688 1304 3754 habiturus
1320 3699 1422 3755 contra
1490 3742 1494 3754 .

321 3792 490 3858 Catholicos
504 3799 634 3857 meatum
650 3793 738 3878 ejecit
758 3798 789 3856 et
805 3791 957 3877 expiravit.
1012 3792 1199 3857 Monstratur
1213 3791 1316 3856 adhuc
1336 3793 1419 3857 locus

318 3895 351 3961 in
366 3895 439 3961 urbe
453 3893 794 3980 Constantinopolitano.
822 3895 1030 3980 Relegantura
1041 3895 1217 3960 Constantio
1233 3896 1417 3960 Athanasius

355 4134 412 4186 'ln
425 4135 471 4187 the
484 4134 589 4205 margin
601 4134 632 4187 ol
642 4134 686 4188 the
701 4134 761 4186 MS.
780 4151 825 4186 are
838 4134 883 4186 the
896 4133 990 4198 words,
1005 4139 1022 4164 ‘¹
1033 4131 1149 4184 Karolus
1162 4131 1252 4204 gladio
1266 4149 1372 4204 semper
1381 4149 1422 4184 ac·

321 4221 434 4275 cinctus
444 4220 464 4242 '⁹
