<?xml version="1.0" encoding="UTF-8"?>
<!DOCTYPE html PUBLIC "-//W3C//DTD XHTML 1.0 Transitional//EN"
    "http://www.w3.org/TR/xhtml1/DTD/xhtml1-transitional.dtd">
<html xmlns="http://www.w3.org/1999/xhtml" xml:lang="en" lang="en">
 <head>
  <title>
</title>
<meta http-equiv="Content-Type" content="text/html;charset=utf-8" />
  <meta name='ocr-system' content='tesseract 3.04.00' />
  <meta name='ocr-capabilities' content='ocr_page ocr_carea ocr_par ocr_line ocrx_word'/>
</head>
<body>
  <div class='ocr_page' id='page_1' title='image "./radulfinigrichr00cogggoog_0054.png"; bbox 0 0 3042 5134; ppageno 0'>
   <div class='ocr_carea' id='block_1_1' title="bbox 524 506 1193 579">
    <p class='ocr_par' dir='ltr' id='par_1_1' title="bbox 524 506 1193 579">
     <span class='ocr_line' id='line_1_1' title="bbox 524 506 1193 579; baseline -0.001 -1"><span class='ocrx_word' id='word_1_1' title='bbox 524 508 717 579; x_wconf 64' lang='lat' dir='ltr'>aaronem</span> <span class='ocrx_word' id='word_1_2' title='bbox 739 509 769 577; x_wconf 91' lang='lat'>1.</span> <span class='ocrx_word' id='word_1_3' title='bbox 1151 506 1193 577; x_wconf 73' lang='lat'>8⁹</span> 
     </span>
    </p>
   </div>
   <div class='ocr_carea' id='block_1_2' title="bbox 49 683 1210 3427">
    <p class='ocr_par' dir='ltr' id='par_1_2' title="bbox 78 683 1193 1169">
     <span class='ocr_line' id='line_1_2' title="bbox 81 683 1191 776; baseline -0.005 -19"><span class='ocrx_word' id='word_1_4' title='bbox 81 687 218 757; x_wconf 86' lang='lat' dir='ltr'>dicentes</span> <span class='ocrx_word' id='word_1_5' title='bbox 242 709 296 776; x_wconf 87' lang='lat' dir='ltr'>per</span> <span class='ocrx_word' id='word_1_6' title='bbox 318 686 421 755; x_wconf 89' lang='lat' dir='ltr'>omnia</span> <span class='ocrx_word' id='word_1_7' title='bbox 436 686 548 752; x_wconf 77' lang='lat' dir='ltr'>Filium</span> <span class='ocrx_word' id='word_1_8' title='bbox 569 684 745 751; x_wconf 70' lang='lat' dir='ltr'>dissimilem</span> <span class='ocrx_word' id='word_1_9' title='bbox 767 683 851 751; x_wconf 87' lang='lat' dir='ltr'>Patri</span> <span class='ocrx_word' id='word_1_10' title='bbox 871 688 1014 770; x_wconf 89' lang='lat' dir='ltr'>tanquam</span> <span class='ocrx_word' id='word_1_11' title='bbox 1026 691 1191 753; x_wconf 80' lang='lat' dir='ltr'>ereaturam</span> 
     </span>
     <span class='ocr_line' id='line_1_3' title="bbox 79 788 1190 876; baseline -0.007 -15"><span class='ocrx_word' id='word_1_12' title='bbox 79 792 215 861; x_wconf 83' lang='lat' dir='ltr'>Creatori</span> <span class='ocrx_word' id='word_1_13' title='bbox 223 817 235 873; x_wconf 65' lang='grc' dir='ltr'><strong><em>ς</em></strong></span> <span class='ocrx_word' id='word_1_14' title='bbox 256 791 329 856; x_wconf 88' lang='lat' dir='ltr'>item</span> <span class='ocrx_word' id='word_1_15' title='bbox 349 790 384 855; x_wconf 92' lang='lat' dir='ltr'>iu</span> <span class='ocrx_word' id='word_1_16' title='bbox 401 790 555 867; x_wconf 75' lang='lat' dir='ltr'>Attianos,</span> <span class='ocrx_word' id='word_1_17' title='bbox 571 789 714 868; x_wconf 83' lang='lat' dir='ltr'>dieentes,</span> <span class='ocrx_word' id='word_1_18' title='bbox 729 788 841 853; x_wconf 79' lang='lat' dir='ltr'>Filium</span> <span class='ocrx_word' id='word_1_19' title='bbox 861 788 989 853; x_wconf 78' lang='lat' dir='ltr'>similem</span> <span class='ocrx_word' id='word_1_20' title='bbox 1004 790 1085 855; x_wconf 88' lang='lat' dir='ltr'>Patri</span> <span class='ocrx_word' id='word_1_21' title='bbox 1099 790 1190 876; x_wconf 86' lang='lat' dir='ltr'>largi·</span> 
     </span>
     <span class='ocr_line' id='line_1_4' title="bbox 78 890 1193 981; baseline -0.004 -19"><span class='ocrx_word' id='word_1_22' title='bbox 78 903 145 961; x_wconf 89' lang='lat' dir='ltr'>tate</span> <span class='ocrx_word' id='word_1_23' title='bbox 172 894 287 981; x_wconf 75' lang='lat' dir='ltr'>gratia,</span> <span class='ocrx_word' id='word_1_24' title='bbox 302 897 366 958; x_wconf 85' lang='lat' dir='ltr'>non</span> <span class='ocrx_word' id='word_1_25' title='bbox 386 892 566 979; x_wconf 72' lang='lat' dir='ltr'>proprietate</span> <span class='ocrx_word' id='word_1_26' title='bbox 585 898 720 957; x_wconf 71' lang='lat' dir='ltr'>naturaei</span> <span class='ocrx_word' id='word_1_27' title='bbox 742 891 826 971; x_wconf 90' lang='lat' dir='ltr'>item,</span> <span class='ocrx_word' id='word_1_28' title='bbox 841 891 874 957; x_wconf 85' lang='lat' dir='ltr'>ia</span> <span class='ocrx_word' id='word_1_29' title='bbox 890 890 1130 971; x_wconf 78' lang='lat' dir='ltr'>Macedonicum,</span> <span class='ocrx_word' id='word_1_30' title='bbox 1148 893 1193 959; x_wconf 88' lang='lat' dir='ltr'>di·</span> 
     </span>
     <span class='ocr_line' id='line_1_5' title="bbox 85 996 1192 1084; baseline -0.003 -18"><span class='ocrx_word' id='word_1_31' title='bbox 85 1006 200 1078; x_wconf 88' lang='lat' dir='ltr'>centes,</span> <span class='ocrx_word' id='word_1_32' title='bbox 215 1021 269 1084; x_wconf 92' lang='lat' dir='ltr'>per</span> <span class='ocrx_word' id='word_1_33' title='bbox 290 997 392 1062; x_wconf 83' lang='lat' dir='ltr'>omnis</span> <span class='ocrx_word' id='word_1_34' title='bbox 407 996 518 1062; x_wconf 79' lang='lat' dir='ltr'>Filium</span> <span class='ocrx_word' id='word_1_35' title='bbox 532 996 658 1062; x_wconf 76' lang='lat' dir='ltr'>similem</span> <span class='ocrx_word' id='word_1_36' title='bbox 671 996 756 1063; x_wconf 90' lang='lat' dir='ltr'>Patri</span> <span class='ocrx_word' id='word_1_37' title='bbox 764 1022 774 1077; x_wconf 83' lang='lat'>3</span> <span class='ocrx_word' id='word_1_38' title='bbox 797 996 935 1081; x_wconf 89' lang='lat' dir='ltr'>spiritum</span> <span class='ocrx_word' id='word_1_39' title='bbox 956 1019 1026 1063; x_wconf 88' lang='lat' dir='ltr'>vero</span> <span class='ocrx_word' id='word_1_40' title='bbox 1047 998 1192 1064; x_wconf 69' lang='lat' dir='ltr'>&amp;netum</span> 
     </span>
     <span class='ocr_line' id='line_1_6' title="bbox 90 1098 615 1169; baseline -0.01 -2"><span class='ocrx_word' id='word_1_41' title='bbox 90 1102 170 1169; x_wconf 91' lang='lat' dir='ltr'>nihil</span> <span class='ocrx_word' id='word_1_42' title='bbox 182 1100 292 1165; x_wconf 87' lang='lat' dir='ltr'>habere</span> <span class='ocrx_word' id='word_1_43' title='bbox 306 1121 463 1163; x_wconf 89' lang='lat' dir='ltr'>commune</span> <span class='ocrx_word' id='word_1_44' title='bbox 477 1121 547 1163; x_wconf 90' lang='lat' dir='ltr'>cum</span> <span class='ocrx_word' id='word_1_45' title='bbox 561 1098 615 1163; x_wconf 90' lang='lat' dir='ltr'>eis.</span> 
     </span>
    </p>

    <p class='ocr_par' dir='ltr' id='par_1_3' title="bbox 83 1199 1197 1805">
     <span class='ocr_line' id='line_1_7' title="bbox 133 1199 1195 1287; baseline 0 -19"><span class='ocrx_word' id='word_1_46' title='bbox 133 1204 268 1281; x_wconf 86' lang='lat' dir='ltr'>Interea,</span> <span class='ocrx_word' id='word_1_47' title='bbox 290 1208 363 1266; x_wconf 89' lang='lat' dir='ltr'>sunt</span> <span class='ocrx_word' id='word_1_48' title='bbox 386 1200 520 1266; x_wconf 85' lang='lat' dir='ltr'>deiunoti</span> <span class='ocrx_word' id='word_1_49' title='bbox 543 1200 692 1265; x_wconf 74' lang='lat' dir='ltr'><strong>Constans</strong></span> <span class='ocrx_word' id='word_1_50' title='bbox 712 1206 744 1263; x_wconf 89' lang='lat' dir='ltr'>et</span> <span class='ocrx_word' id='word_1_51' title='bbox 764 1199 968 1266; x_wconf 80' lang='lat' dir='ltr'>Constantius.</span> <span class='ocrx_word' id='word_1_52' title='bbox 1025 1200 1115 1268; x_wconf 88' lang='lat' dir='ltr'>Unde</span> <span class='ocrx_word' id='word_1_53' title='bbox 1141 1222 1195 1287; x_wconf 88' lang='lat' dir='ltr'>per</span> 
     </span>
     <span class='ocr_line' id='line_1_8' title="bbox 83 1302 1194 1389; baseline -0.003 -19"><span class='ocrx_word' id='word_1_54' title='bbox 83 1306 168 1371; x_wconf 88' lang='lat' dir='ltr'>idern</span> <span class='ocrx_word' id='word_1_55' title='bbox 183 1312 303 1389; x_wconf 85' lang='lat' dir='ltr'>tempus</span> <span class='ocrx_word' id='word_1_56' title='bbox 322 1310 438 1369; x_wconf 89' lang='lat' dir='ltr'>creatus</span> <span class='ocrx_word' id='word_1_57' title='bbox 453 1310 500 1367; x_wconf 90' lang='lat' dir='ltr'>est</span> <span class='ocrx_word' id='word_1_58' title='bbox 519 1303 687 1387; x_wconf 73' lang='lat' dir='ltr'>Imperator</span> <span class='ocrx_word' id='word_1_59' title='bbox 708 1302 881 1381; x_wconf 80' lang='lat' dir='ltr'>Veteranio,</span> <span class='ocrx_word' id='word_1_60' title='bbox 896 1303 1015 1387; x_wconf 89' lang='lat' dir='ltr'>quidam</span> <span class='ocrx_word' id='word_1_61' title='bbox 1031 1326 1122 1369; x_wconf 84' lang='lat' dir='ltr'>senex</span> <span class='ocrx_word' id='word_1_62' title='bbox 1136 1304 1194 1368; x_wconf 91' lang='lat' dir='ltr'>illi-</span> 
     </span>
     <span class='ocr_line' id='line_1_9' title="bbox 86 1404 1194 1491; baseline -0.001 -19"><span class='ocrx_word' id='word_1_63' title='bbox 86 1414 215 1472; x_wconf 87' lang='lat' dir='ltr'>teratus.</span> <span class='ocrx_word' id='word_1_64' title='bbox 251 1408 350 1477; x_wconf 78' lang='lat' dir='ltr'>Quem</span> <span class='ocrx_word' id='word_1_65' title='bbox 362 1406 501 1491; x_wconf 84' lang='lat' dir='ltr'>deposuit</span> <span class='ocrx_word' id='word_1_66' title='bbox 512 1405 719 1483; x_wconf 83' lang='lat' dir='ltr'>Constantius,</span> <span class='ocrx_word' id='word_1_67' title='bbox 731 1427 825 1489; x_wconf 87' lang='lat' dir='ltr'>quum</span> <span class='ocrx_word' id='word_1_68' title='bbox 837 1405 895 1471; x_wconf 87' lang='lat' dir='ltr'>iret</span> <span class='ocrx_word' id='word_1_69' title='bbox 908 1406 947 1470; x_wconf 91' lang='lat' dir='ltr'>ad</span> <span class='ocrx_word' id='word_1_70' title='bbox 961 1404 1194 1490; x_wconf 83' lang='lat' dir='ltr'>expugnandum</span> 
     </span>
     <span class='ocr_line' id='line_1_10' title="bbox 84 1508 1194 1595; baseline -0.002 -20"><span class='ocrx_word' id='word_1_71' title='bbox 84 1510 313 1595; x_wconf 86' lang='lat' dir='ltr'>Magnentiom.</span> <span class='ocrx_word' id='word_1_72' title='bbox 358 1510 401 1574; x_wconf 84' lang='lat' dir='ltr'>Et</span> <span class='ocrx_word' id='word_1_73' title='bbox 411 1510 531 1574; x_wconf 91' lang='lat' dir='ltr'>demum</span> <span class='ocrx_word' id='word_1_74' title='bbox 539 1509 638 1573; x_wconf 86' lang='lat' dir='ltr'>victus</span> <span class='ocrx_word' id='word_1_75' title='bbox 650 1517 696 1573; x_wconf 88' lang='lat' dir='ltr'>est</span> <span class='ocrx_word' id='word_1_76' title='bbox 707 1508 914 1592; x_wconf 82' lang='lat' dir='ltr'>Magnentius,</span> <span class='ocrx_word' id='word_1_77' title='bbox 927 1515 958 1573; x_wconf 90' lang='lat' dir='ltr'>et</span> <span class='ocrx_word' id='word_1_78' title='bbox 972 1508 1053 1594; x_wconf 91' lang='lat' dir='ltr'>apud</span> <span class='ocrx_word' id='word_1_79' title='bbox 1068 1508 1194 1595; x_wconf 87' lang='lat' dir='ltr'>Lugdu-</span> 
     </span>
     <span class='ocr_line' id='line_1_11' title="bbox 86 1610 1197 1697; baseline -0.001 -19"><span class='ocrx_word' id='word_1_80' title='bbox 86 1637 168 1678; x_wconf 89' lang='lat' dir='ltr'>num</span> <span class='ocrx_word' id='word_1_81' title='bbox 182 1636 214 1676; x_wconf 85' lang='lat' dir='ltr'>se</span> <span class='ocrx_word' id='word_1_82' title='bbox 227 1613 326 1697; x_wconf 86' lang='lat' dir='ltr'>ipsum</span> <span class='ocrx_word' id='word_1_83' title='bbox 345 1612 503 1677; x_wconf 89' lang='lat' dir='ltr'>interiecit.</span> <span class='ocrx_word' id='word_1_84' title='bbox 549 1610 693 1676; x_wconf 82' lang='lat' dir='ltr'>Similiter</span> <span class='ocrx_word' id='word_1_85' title='bbox 712 1611 876 1678; x_wconf 85' lang='lat' dir='ltr'>Decentius</span> <span class='ocrx_word' id='word_1_86' title='bbox 897 1612 987 1677; x_wconf 85' lang='lat' dir='ltr'>frater</span> <span class='ocrx_word' id='word_1_87' title='bbox 1010 1613 1075 1697; x_wconf 87' lang='lat' dir='ltr'>ejus</span> <span class='ocrx_word' id='word_1_88' title='bbox 1089 1611 1197 1697; x_wconf 86' lang='lat' dir='ltr'>laqueo</span> 
     </span>
     <span class='ocr_line' id='line_1_12' title="bbox 87 1718 307 1805; baseline -0.009 -20"><span class='ocrx_word' id='word_1_89' title='bbox 87 1744 122 1785; x_wconf 92' lang='lat' dir='ltr'>se</span> <span class='ocrx_word' id='word_1_90' title='bbox 137 1718 307 1805; x_wconf 88' lang='lat' dir='ltr'>suspendit.</span> 
     </span>
    </p>

    <p class='ocr_par' dir='ltr' id='par_1_4' title="bbox 88 1819 1203 2607">
     <span class='ocr_line' id='line_1_13' title="bbox 136 1819 1199 1906; baseline -0.001 -20"><span class='ocrx_word' id='word_1_91' title='bbox 136 1820 299 1887; x_wconf 82' lang='lat' dir='ltr'>Sciendum</span> <span class='ocrx_word' id='word_1_92' title='bbox 316 1820 398 1905; x_wconf 88' lang='lat' dir='ltr'>quod</span> <span class='ocrx_word' id='word_1_93' title='bbox 411 1821 545 1906; x_wconf 88' lang='lat' dir='ltr'>Magnus</span> <span class='ocrx_word' id='word_1_94' title='bbox 558 1820 774 1886; x_wconf 85' lang='lat' dir='ltr'>Constantinus</span> <span class='ocrx_word' id='word_1_95' title='bbox 789 1819 865 1885; x_wconf 91' lang='lat' dir='ltr'>duos</span> <span class='ocrx_word' id='word_1_96' title='bbox 881 1820 986 1885; x_wconf 82' lang='lat' dir='ltr'>fratres</span> <span class='ocrx_word' id='word_1_97' title='bbox 1007 1819 1122 1898; x_wconf 89' lang='lat' dir='ltr'>habuit,</span> <span class='ocrx_word' id='word_1_98' title='bbox 1137 1842 1199 1885; x_wconf 90' lang='lat' dir='ltr'>non</span> 
     </span>
     <span class='ocr_line' id='line_1_14' title="bbox 88 1923 1199 2009; baseline -0.003 -19"><span class='ocrx_word' id='word_1_99' title='bbox 88 1926 241 2003; x_wconf 89' lang='lat' dir='ltr'>uterinos,</span> <span class='ocrx_word' id='word_1_100' title='bbox 256 1924 307 1988; x_wconf 87' lang='lat' dir='ltr'>sed</span> <span class='ocrx_word' id='word_1_101' title='bbox 324 1924 361 1988; x_wconf 89' lang='lat' dir='ltr'>de</span> <span class='ocrx_word' id='word_1_102' title='bbox 376 1930 469 2009; x_wconf 86' lang='lat' dir='ltr'>patre,</span> <span class='ocrx_word' id='word_1_103' title='bbox 484 1924 671 1989; x_wconf 88' lang='lat' dir='ltr'>Dalmatiam</span> <span class='ocrx_word' id='word_1_104' title='bbox 685 1931 716 1989; x_wconf 89' lang='lat' dir='ltr'>et</span> <span class='ocrx_word' id='word_1_105' title='bbox 739 1923 958 1988; x_wconf 84' lang='lat' dir='ltr'>Constantium.</span> <span class='ocrx_word' id='word_1_106' title='bbox 1005 1923 1063 1987; x_wconf 81' lang='lat' dir='ltr'>sed</span> <span class='ocrx_word' id='word_1_107' title='bbox 1078 1923 1199 1988; x_wconf 87' lang='lat' dir='ltr'>Dalma-</span> 
     </span>
     <span class='ocr_line' id='line_1_15' title="bbox 88 2026 1200 2113; baseline -0.002 -21"><span class='ocrx_word' id='word_1_108' title='bbox 88 2031 156 2094; x_wconf 88' lang='lat' dir='ltr'>tius</span> <span class='ocrx_word' id='word_1_109' title='bbox 170 2028 366 2113; x_wconf 87' lang='lat' dir='ltr'>interemptus</span> <span class='ocrx_word' id='word_1_110' title='bbox 380 2034 434 2107; x_wconf 87' lang='lat' dir='ltr'>est,</span> <span class='ocrx_word' id='word_1_111' title='bbox 450 2027 644 2093; x_wconf 84' lang='lat' dir='ltr'>Constantius</span> <span class='ocrx_word' id='word_1_112' title='bbox 666 2050 736 2092; x_wconf 87' lang='lat' dir='ltr'>vero</span> <span class='ocrx_word' id='word_1_113' title='bbox 751 2026 827 2091; x_wconf 89' lang='lat' dir='ltr'>duos</span> <span class='ocrx_word' id='word_1_114' title='bbox 851 2026 957 2091; x_wconf 87' lang='lat' dir='ltr'>habuit</span> <span class='ocrx_word' id='word_1_115' title='bbox 971 2027 1060 2103; x_wconf 81' lang='lat' dir='ltr'>lilios,</span> <span class='ocrx_word' id='word_1_116' title='bbox 1079 2026 1200 2091; x_wconf 85' lang='lat' dir='ltr'>Gallum</span> 
     </span>
     <span class='ocr_line' id='line_1_16' title="bbox 90 2128 1198 2215; baseline -0.003 -19"><span class='ocrx_word' id='word_1_117' title='bbox 90 2140 123 2197; x_wconf 92' lang='lat' dir='ltr'>et</span> <span class='ocrx_word' id='word_1_118' title='bbox 152 2131 318 2195; x_wconf 75' lang='lat' dir='ltr'>lulianum.</span> <span class='ocrx_word' id='word_1_119' title='bbox 362 2131 405 2195; x_wconf 84' lang='lat' dir='ltr'>Et</span> <span class='ocrx_word' id='word_1_120' title='bbox 430 2130 546 2209; x_wconf 86' lang='lat' dir='ltr'>Gallus,</span> <span class='ocrx_word' id='word_1_121' title='bbox 569 2131 668 2196; x_wconf 75' lang='lat' dir='ltr'>Caesar</span> <span class='ocrx_word' id='word_1_122' title='bbox 686 2131 793 2208; x_wconf 82' lang='lat' dir='ltr'>iactus,</span> <span class='ocrx_word' id='word_1_123' title='bbox 818 2152 924 2215; x_wconf 85' lang='lat' dir='ltr'>parum</span> <span class='ocrx_word' id='word_1_124' title='bbox 941 2130 1033 2194; x_wconf 82' lang='lat' dir='ltr'>vixit:</span> <span class='ocrx_word' id='word_1_125' title='bbox 1058 2128 1198 2194; x_wconf 83' lang='lat' dir='ltr'>Julianus</span> 
     </span>
     <span class='ocr_line' id='line_1_17' title="bbox 91 2232 1201 2317; baseline -0.005 -18"><span class='ocrx_word' id='word_1_126' title='bbox 91 2233 207 2299; x_wconf 84' lang='lat' dir='ltr'>scholis</span> <span class='ocrx_word' id='word_1_127' title='bbox 221 2232 353 2298; x_wconf 85' lang='lat' dir='ltr'>vacabat.</span> <span class='ocrx_word' id='word_1_128' title='bbox 398 2234 549 2299; x_wconf 81' lang='lat' dir='ltr'>Evocatus</span> <span class='ocrx_word' id='word_1_129' title='bbox 563 2233 657 2317; x_wconf 87' lang='lat' dir='ltr'>igitur</span> <span class='ocrx_word' id='word_1_130' title='bbox 671 2256 689 2297; x_wconf 90' lang='lat' dir='ltr'>a</span> <span class='ocrx_word' id='word_1_131' title='bbox 703 2232 911 2310; x_wconf 87' lang='lat' dir='ltr'>Constantino,</span> <span class='ocrx_word' id='word_1_132' title='bbox 927 2232 1025 2295; x_wconf 86' lang='lat' dir='ltr'>iactus</span> <span class='ocrx_word' id='word_1_133' title='bbox 1040 2238 1087 2295; x_wconf 89' lang='lat' dir='ltr'>est</span> <span class='ocrx_word' id='word_1_134' title='bbox 1101 2232 1201 2295; x_wconf 77' lang='lat' dir='ltr'>Caesar</span> 
     </span>
     <span class='ocr_line' id='line_1_18' title="bbox 91 2334 1203 2420; baseline -0.004 -17"><span class='ocrx_word' id='word_1_135' title='bbox 91 2343 202 2403; x_wconf 87' lang='lat' dir='ltr'>contra</span> <span class='ocrx_word' id='word_1_136' title='bbox 216 2336 364 2418; x_wconf 80' lang='lat' dir='ltr'>Galliam3</span> <span class='ocrx_word' id='word_1_137' title='bbox 388 2343 419 2400; x_wconf 87' lang='lat' dir='ltr'>et</span> <span class='ocrx_word' id='word_1_138' title='bbox 426 2336 552 2401; x_wconf 77' lang='lat' dir='ltr'>feliciter</span> <span class='ocrx_word' id='word_1_139' title='bbox 566 2337 594 2402; x_wconf 89' lang='lat' dir='ltr'>ei</span> <span class='ocrx_word' id='word_1_140' title='bbox 606 2337 703 2401; x_wconf 86' lang='lat' dir='ltr'>cessit.</span> <span class='ocrx_word' id='word_1_141' title='bbox 748 2336 850 2413; x_wconf 88' lang='lat' dir='ltr'>Unde,</span> <span class='ocrx_word' id='word_1_142' title='bbox 862 2358 953 2420; x_wconf 90' lang='lat' dir='ltr'>quum</span> <span class='ocrx_word' id='word_1_143' title='bbox 966 2335 1093 2419; x_wconf 78' lang='lat' dir='ltr'>placeret</span> <span class='ocrx_word' id='word_1_144' title='bbox 1102 2334 1203 2399; x_wconf 86' lang='lat' dir='ltr'>militi·</span> 
     </span>
     <span class='ocr_line' id='line_1_19' title="bbox 92 2437 1202 2524; baseline -0.003 -20"><span class='ocrx_word' id='word_1_145' title='bbox 92 2441 168 2519; x_wconf 86' lang='lat' dir='ltr'>bus,</span> <span class='ocrx_word' id='word_1_146' title='bbox 198 2441 356 2524; x_wconf 87' lang='lat' dir='ltr'>Augustus</span> <span class='ocrx_word' id='word_1_147' title='bbox 386 2440 551 2524; x_wconf 88' lang='lat' dir='ltr'>appellatus</span> <span class='ocrx_word' id='word_1_148' title='bbox 581 2446 636 2517; x_wconf 87' lang='lat' dir='ltr'>est,</span> <span class='ocrx_word' id='word_1_149' title='bbox 667 2446 698 2505; x_wconf 89' lang='lat' dir='ltr'>et</span> <span class='ocrx_word' id='word_1_150' title='bbox 722 2439 895 2524; x_wconf 86' lang='lat' dir='ltr'>indignanti</span> <span class='ocrx_word' id='word_1_151' title='bbox 918 2438 987 2503; x_wconf 91' lang='lat' dir='ltr'>inde</span> <span class='ocrx_word' id='word_1_152' title='bbox 1017 2437 1202 2515; x_wconf 87' lang='lat' dir='ltr'>Constantio,</span> 
     </span>
     <span class='ocr_line' id='line_1_20' title="bbox 96 2542 411 2607; baseline -0.003 -1"><span class='ocrx_word' id='word_1_153' title='bbox 96 2543 245 2607; x_wconf 79' lang='lat' dir='ltr'>defuncto</span> <span class='ocrx_word' id='word_1_154' title='bbox 260 2542 411 2606; x_wconf 88' lang='lat' dir='ltr'>successit.</span> 
     </span>
    </p>

    <p class='ocr_par' dir='ltr' id='par_1_5' title="bbox 95 2641 1204 2936">
     <span class='ocr_line' id='line_1_21' title="bbox 142 2641 1204 2730; baseline -0.003 -21"><span class='ocrx_word' id='word_1_155' title='bbox 142 2646 191 2709; x_wconf 81' lang='lat' dir='ltr'>Eo</span> <span class='ocrx_word' id='word_1_156' title='bbox 206 2652 338 2730; x_wconf 89' lang='lat' dir='ltr'>tempore</span> <span class='ocrx_word' id='word_1_157' title='bbox 354 2645 459 2709; x_wconf 77' lang='lat' dir='ltr'>delatae</span> <span class='ocrx_word' id='word_1_158' title='bbox 473 2652 545 2711; x_wconf 88' lang='lat' dir='ltr'>sunt</span> <span class='ocrx_word' id='word_1_159' title='bbox 559 2644 692 2730; x_wconf 76' lang='lat' dir='ltr'>reliquias</span> <span class='ocrx_word' id='word_1_160' title='bbox 709 2646 804 2710; x_wconf 85' lang='lat' dir='ltr'>sancti</span> <span class='ocrx_word' id='word_1_161' title='bbox 819 2644 978 2729; x_wconf 66' lang='lat' dir='ltr'>Andreoeb</span> <span class='ocrx_word' id='word_1_162' title='bbox 994 2641 1204 2707; x_wconf 86' lang='lat' dir='ltr'>Constantino-</span> 
     </span>
     <span class='ocr_line' id='line_1_22' title="bbox 95 2746 1204 2833; baseline -0.001 -22"><span class='ocrx_word' id='word_1_163' title='bbox 95 2748 204 2833; x_wconf 88' lang='lat' dir='ltr'>polim,</span> <span class='ocrx_word' id='word_1_164' title='bbox 215 2757 245 2811; x_wconf 89' lang='lat' dir='ltr'>et</span> <span class='ocrx_word' id='word_1_165' title='bbox 259 2748 351 2812; x_wconf 80' lang='lat' dir='ltr'>Lucae</span> <span class='ocrx_word' id='word_1_166' title='bbox 363 2748 575 2832; x_wconf 77' lang='lat' dir='ltr'>Evangelistae,</span> <span class='ocrx_word' id='word_1_167' title='bbox 585 2757 615 2813; x_wconf 90' lang='lat' dir='ltr'>et</span> <span class='ocrx_word' id='word_1_168' title='bbox 629 2749 789 2813; x_wconf 79' lang='lat' dir='ltr'>Timothei.</span> <span class='ocrx_word' id='word_1_169' title='bbox 834 2749 875 2813; x_wconf 80' lang='lat' dir='ltr'>m</span> <span class='ocrx_word' id='word_1_170' title='bbox 886 2746 1061 2832; x_wconf 86' lang='lat' dir='ltr'>prodierunt</span> <span class='ocrx_word' id='word_1_171' title='bbox 1073 2746 1204 2811; x_wconf 85' lang='lat' dir='ltr'>Anthro-</span> 
     </span>
     <span class='ocr_line' id='line_1_23' title="bbox 98 2849 1054 2936; baseline 0 -23"><span class='ocrx_word' id='word_1_172' title='bbox 98 2850 335 2936; x_wconf 67' lang='lat' dir='ltr'>panormita*</span> <span class='ocrx_word' id='word_1_173' title='bbox 350 2852 402 2935; x_wconf 92' lang='lat' dir='ltr'>qui</span> <span class='ocrx_word' id='word_1_174' title='bbox 417 2850 596 2915; x_wconf 87' lang='lat' dir='ltr'>lineamenta</span> <span class='ocrx_word' id='word_1_175' title='bbox 612 2874 752 2936; x_wconf 84' lang='lat' dir='ltr'>corporea</span> <span class='ocrx_word' id='word_1_176' title='bbox 766 2849 917 2935; x_wconf 85' lang='lat' dir='ltr'>ponebant</span> <span class='ocrx_word' id='word_1_177' title='bbox 931 2851 963 2913; x_wconf 90' lang='lat' dir='ltr'>in</span> <span class='ocrx_word' id='word_1_178' title='bbox 978 2849 1054 2914; x_wconf 90' lang='lat' dir='ltr'>Deo.</span> 
     </span>
    </p>

    <p class='ocr_par' dir='ltr' id='par_1_6' title="bbox 49 2950 1210 3427">
     <span class='ocr_line' id='line_1_24' title="bbox 146 2950 1207 3038; baseline -0.001 -22"><span class='ocrx_word' id='word_1_179' title='bbox 146 2954 240 3017; x_wconf 82' lang='lat' dir='ltr'>Anno</span> <span class='ocrx_word' id='word_1_180' title='bbox 267 2953 361 3036; x_wconf 87' lang='lat' dir='ltr'>igitur</span> <span class='ocrx_word' id='word_1_181' title='bbox 390 2951 428 3017; x_wconf 88' lang='lat' dir='ltr'>ab</span> <span class='ocrx_word' id='word_1_182' title='bbox 458 2953 667 3019; x_wconf 89' lang='lat' dir='ltr'>Incamationc</span> <span class='ocrx_word' id='word_1_183' title='bbox 688 2953 881 3033; x_wconf 79' lang='lat' dir='ltr'>OOCLXIV,</span> <span class='ocrx_word' id='word_1_184' title='bbox 902 2953 1060 3038; x_wconf 89' lang='lat' dir='ltr'>imperavit</span> <span class='ocrx_word' id='word_1_185' title='bbox 1089 2950 1207 3016; x_wconf 88' lang='lat' dir='ltr'>duobus</span> 
     </span>
     <span class='ocr_line' id='line_1_25' title="bbox 49 3054 1207 3141; baseline -0.002 -22"><span class='ocrx_word' id='word_1_186' title='bbox 49 3124 51 3127; x_wconf 55' lang='grc'>,</span> <span class='ocrx_word' id='word_1_187' title='bbox 100 3055 192 3119; x_wconf 89' lang='lat' dir='ltr'>annis</span> <span class='ocrx_word' id='word_1_188' title='bbox 229 3054 378 3119; x_wconf 84' lang='lat' dir='ltr'>Julianus.</span> <span class='ocrx_word' id='word_1_189' title='bbox 440 3055 501 3118; x_wconf 91' lang='lat' dir='ltr'>Hic</span> <span class='ocrx_word' id='word_1_190' title='bbox 537 3078 631 3139; x_wconf 91' lang='lat' dir='ltr'>quum</span> <span class='ocrx_word' id='word_1_191' title='bbox 666 3057 772 3121; x_wconf 86' lang='lat' dir='ltr'>inisset</span> <span class='ocrx_word' id='word_1_192' title='bbox 808 3055 975 3141; x_wconf 86' lang='lat' dir='ltr'>baptizatus</span> <span class='ocrx_word' id='word_1_193' title='bbox 1009 3061 1039 3119; x_wconf 90' lang='lat' dir='ltr'>et</span> <span class='ocrx_word' id='word_1_194' title='bbox 1073 3054 1207 3133; x_wconf 88' lang='lat' dir='ltr'>clericus,</span> 
     </span>
     <span class='ocr_line' id='line_1_26' title="bbox 101 3155 1208 3244; baseline -0.003 -22"><span class='ocrx_word' id='word_1_195' title='bbox 101 3159 204 3222; x_wconf 83' lang='lat' dir='ltr'>iactus</span> <span class='ocrx_word' id='word_1_196' title='bbox 228 3158 403 3243; x_wconf 79' lang='lat' dir='ltr'>Imperator,</span> <span class='ocrx_word' id='word_1_197' title='bbox 427 3156 555 3223; x_wconf 83' lang='lat' dir='ltr'>idolatra</span> <span class='ocrx_word' id='word_1_198' title='bbox 578 3159 646 3237; x_wconf 88' lang='lat' dir='ltr'>fuit,</span> <span class='ocrx_word' id='word_1_199' title='bbox 673 3159 756 3244; x_wconf 88' lang='lat' dir='ltr'>prius</span> <span class='ocrx_word' id='word_1_200' title='bbox 781 3160 814 3223; x_wconf 92' lang='lat' dir='ltr'>in</span> <span class='ocrx_word' id='word_1_201' title='bbox 841 3158 959 3222; x_wconf 89' lang='lat' dir='ltr'>occulto</span> <span class='ocrx_word' id='word_1_202' title='bbox 984 3163 1015 3220; x_wconf 88' lang='lat' dir='ltr'>et</span> <span class='ocrx_word' id='word_1_203' title='bbox 1043 3162 1147 3240; x_wconf 87' lang='lat' dir='ltr'>postea</span> <span class='ocrx_word' id='word_1_204' title='bbox 1174 3155 1208 3219; x_wconf 91' lang='lat' dir='ltr'>in</span> 
     </span>
     <span class='ocr_line' id='line_1_27' title="bbox 103 3256 1210 3341; baseline -0.004 -17"><span class='ocrx_word' id='word_1_205' title='bbox 103 3259 276 3324; x_wconf 84' lang='lat' dir='ltr'>manifesto.</span> <span class='ocrx_word' id='word_1_206' title='bbox 311 3259 424 3324; x_wconf 79' lang='lat' dir='ltr'>Callida</span> <span class='ocrx_word' id='word_1_207' title='bbox 439 3261 518 3324; x_wconf 90' lang='lat' dir='ltr'>euim</span> <span class='ocrx_word' id='word_1_208' title='bbox 534 3260 571 3325; x_wconf 88' lang='lat' dir='ltr'>ab</span> <span class='ocrx_word' id='word_1_209' title='bbox 586 3262 673 3325; x_wconf 90' lang='lat' dir='ltr'>initio</span> <span class='ocrx_word' id='word_1_210' title='bbox 689 3270 719 3325; x_wconf 90' lang='lat' dir='ltr'>et</span> <span class='ocrx_word' id='word_1_211' title='bbox 731 3261 833 3326; x_wconf 90' lang='lat' dir='ltr'>dolose</span> <span class='ocrx_word' id='word_1_212' title='bbox 853 3260 942 3324; x_wconf 85' lang='lat' dir='ltr'>iidem</span> <span class='ocrx_word' id='word_1_213' title='bbox 959 3256 1163 3341; x_wconf 86' lang='lat' dir='ltr'>impugnabat,</span> <span class='ocrx_word' id='word_1_214' title='bbox 1179 3263 1210 3321; x_wconf 88' lang='lat' dir='ltr'>et</span> 
     </span>
     <span class='ocr_line' id='line_1_28' title="bbox 105 3359 1210 3427; baseline -0.002 -1"><span class='ocrx_word' id='word_1_215' title='bbox 105 3362 187 3426; x_wconf 87' lang='lat' dir='ltr'>datis</span> <span class='ocrx_word' id='word_1_216' title='bbox 199 3360 362 3426; x_wconf 86' lang='lat' dir='ltr'>honoribus</span> <span class='ocrx_word' id='word_1_217' title='bbox 373 3360 523 3427; x_wconf 88' lang='lat' dir='ltr'>avertebat</span> <span class='ocrx_word' id='word_1_218' title='bbox 534 3363 669 3427; x_wconf 88' lang='lat' dir='ltr'>homines</span> <span class='ocrx_word' id='word_1_219' title='bbox 680 3388 697 3427; x_wconf 93' lang='lat' dir='ltr'>a</span> <span class='ocrx_word' id='word_1_220' title='bbox 707 3363 777 3427; x_wconf 84' lang='lat' dir='ltr'>lide.</span> <span class='ocrx_word' id='word_1_221' title='bbox 823 3361 979 3427; x_wconf 89' lang='lat' dir='ltr'>Prohibuit</span> <span class='ocrx_word' id='word_1_222' title='bbox 991 3362 1069 3425; x_wconf 88' lang='lat' dir='ltr'>enim</span> <span class='ocrx_word' id='word_1_223' title='bbox 1083 3359 1210 3424; x_wconf 87' lang='lat' dir='ltr'>honores</span> 
     </span>
    </p>
   </div>
   <div class='ocr_carea' id='block_1_3' title="bbox 111 3638 1219 4312">
    <p class='ocr_par' dir='ltr' id='par_1_7' title="bbox 111 3638 1214 3885">
     <span class='ocr_line' id='line_1_29' title="bbox 147 3638 1213 3709; baseline 0.004 -18"><span class='ocrx_word' id='word_1_224' title='bbox 147 3644 160 3702; x_wconf 66' lang='grc' dir='ltr'><strong>ς</strong></span> <span class='ocrx_word' id='word_1_225' title='bbox 181 3638 329 3694; x_wconf 76' lang='lat' dir='ltr'>Rnnreurm</span> <span class='ocrx_word' id='word_1_226' title='bbox 354 3639 455 3691; x_wconf 79' lang='lat' dir='ltr'>Sancrr</span> <span class='ocrx_word' id='word_1_227' title='bbox 471 3639 611 3709; x_wconf 76' lang='lat' dir='ltr'>Asnaum]</span> <span class='ocrx_word' id='word_1_228' title='bbox 633 3640 707 3693; x_wconf 84' lang='lat' dir='ltr'>Read</span> <span class='ocrx_word' id='word_1_229' title='bbox 727 3659 743 3693; x_wconf 82' lang='lat' dir='ltr'>a</span> <span class='ocrx_word' id='word_1_230' title='bbox 761 3642 1020 3694; x_wconf 76' lang='lat' dir='ltr'>Cossrnurrrroronr</span> <span class='ocrx_word' id='word_1_231' title='bbox 1046 3661 1081 3695; x_wconf 76' lang='lat' dir='ltr'>nn</span> <span class='ocrx_word' id='word_1_232' title='bbox 1100 3644 1213 3695; x_wconf 64' lang='lat' dir='ltr'>Roneis.</span> 
     </span>
     <span class='ocr_line' id='line_1_30' title="bbox 111 3725 1214 3799; baseline 0.004 -22"><span class='ocrx_word' id='word_1_233' title='bbox 111 3726 147 3777; x_wconf 77' lang='lat' dir='ltr'>A.</span> <span class='ocrx_word' id='word_1_234' title='bbox 159 3725 195 3777; x_wconf 93' lang='grc' dir='ltr'>Ι).</span> <span class='ocrx_word' id='word_1_235' title='bbox 209 3726 270 3789; x_wconf 82' lang='lat'>357,</span> <span class='ocrx_word' id='word_1_236' title='bbox 283 3725 328 3778; x_wconf 91' lang='lat' dir='ltr'>the</span> <span class='ocrx_word' id='word_1_237' title='bbox 340 3726 457 3778; x_wconf 89' lang='lat' dir='ltr'>remains</span> <span class='ocrx_word' id='word_1_238' title='bbox 469 3726 500 3777; x_wconf 83' lang='lat' dir='ltr'>of</span> <span class='ocrx_word' id='word_1_239' title='bbox 510 3726 585 3779; x_wconf 88' lang='lat' dir='ltr'>these</span> <span class='ocrx_word' id='word_1_240' title='bbox 597 3735 648 3779; x_wconf 87' lang='lat' dir='ltr'>two</span> <span class='ocrx_word' id='word_1_241' title='bbox 660 3727 792 3797; x_wconf 89' lang='lat' dir='ltr'>Disciples</span> <span class='ocrx_word' id='word_1_242' title='bbox 806 3745 874 3780; x_wconf 80' lang='lat' dir='ltr'>were</span> <span class='ocrx_word' id='word_1_243' title='bbox 886 3729 1052 3799; x_wconf 83' lang='lat' dir='ltr'>transported</span> <span class='ocrx_word' id='word_1_244' title='bbox 1066 3730 1133 3781; x_wconf 80' lang='lat' dir='ltr'>from</span> <span class='ocrx_word' id='word_1_245' title='bbox 1145 3730 1214 3782; x_wconf 90' lang='lat' dir='ltr'>Cou-</span> 
     </span>
     <span class='ocr_line' id='line_1_31' title="bbox 111 3810 1143 3885; baseline 0.003 -21"><span class='ocrx_word' id='word_1_246' title='bbox 111 3810 275 3881; x_wconf 86' lang='lat' dir='ltr'>stantinople</span> <span class='ocrx_word' id='word_1_247' title='bbox 288 3818 316 3863; x_wconf 92' lang='lat' dir='ltr'>to</span> <span class='ocrx_word' id='word_1_248' title='bbox 329 3810 421 3863; x_wconf 84' lang='lat' dir='ltr'>Rome.</span> <span class='ocrx_word' id='word_1_249' title='bbox 494 3811 604 3864; x_wconf 83' lang='lat' dir='ltr'>Asrru’s</span> <span class='ocrx_word' id='word_1_250' title='bbox 616 3814 736 3880; x_wconf 71' lang='lat' dir='ltr'>Ausara.</span> <span class='ocrx_word' id='word_1_251' title='bbox 751 3831 783 3866; x_wconf 87' lang='lat' dir='ltr'>or</span> <span class='ocrx_word' id='word_1_252' title='bbox 802 3814 936 3866; x_wconf 79' lang='lat' dir='ltr'>llrsronr.</span> <span class='ocrx_word' id='word_1_253' title='bbox 956 3814 991 3867; x_wconf 89' lang='lat' dir='ltr'>V.</span> <span class='ocrx_word' id='word_1_254' title='bbox 1006 3814 1030 3879; x_wconf 93' lang='lat' dir='ltr'>l,</span> <span class='ocrx_word' id='word_1_255' title='bbox 1041 3833 1067 3885; x_wconf 89' lang='lat' dir='ltr'>p.</span> <span class='ocrx_word' id='word_1_256' title='bbox 1083 3818 1143 3867; x_wconf 82' lang='lat'>124.</span> 
     </span>
    </p>

    <p class='ocr_par' dir='ltr' id='par_1_8' title="bbox 113 3898 1219 4312">
     <span class='ocr_line' id='line_1_32' title="bbox 149 3898 1216 3967; baseline 0.006 -19"><span class='ocrx_word' id='word_1_257' title='bbox 149 3899 165 3929; x_wconf 68' lang='lat'><strong>⁹</strong></span> <span class='ocrx_word' id='word_1_258' title='bbox 186 3898 471 3967; x_wconf 75' lang='lat' dir='ltr'>Auranouonrrnrm]</span> <span class='ocrx_word' id='word_1_259' title='bbox 492 3898 630 3951; x_wconf 85' lang='lat' dir='ltr'>otherwise</span> <span class='ocrx_word' id='word_1_260' title='bbox 649 3898 734 3951; x_wconf 87' lang='lat' dir='ltr'>called</span> <span class='ocrx_word' id='word_1_261' title='bbox 752 3900 894 3963; x_wconf 77' lang='lat' dir='ltr'>Aunnass,</span> <span class='ocrx_word' id='word_1_262' title='bbox 907 3900 974 3953; x_wconf 87' lang='lat' dir='ltr'>from</span> <span class='ocrx_word' id='word_1_263' title='bbox 995 3919 1045 3953; x_wconf 90' lang='lat' dir='ltr'>one</span> <span class='ocrx_word' id='word_1_264' title='bbox 1062 3902 1179 3966; x_wconf 83' lang='lat' dir='ltr'>Audeus,</span> <span class='ocrx_word' id='word_1_265' title='bbox 1200 3919 1216 3954; x_wconf 81' lang='lat' dir='ltr'>a</span> 
     </span>
     <span class='ocr_line' id='line_1_33' title="bbox 114 3983 1216 4057; baseline 0.001 -20"><span class='ocrx_word' id='word_1_266' title='bbox 114 3984 339 4053; x_wconf 83' lang='lat' dir='ltr'>Mesopotamiam,</span> <span class='ocrx_word' id='word_1_267' title='bbox 360 3983 429 4035; x_wconf 90' lang='lat' dir='ltr'>their</span> <span class='ocrx_word' id='word_1_268' title='bbox 447 3984 545 4037; x_wconf 87' lang='lat' dir='ltr'>leader.</span> <span class='ocrx_word' id='word_1_269' title='bbox 582 3985 658 4054; x_wconf 83' lang='lat' dir='ltr'>They</span> <span class='ocrx_word' id='word_1_270' title='bbox 676 4004 744 4038; x_wconf 81' lang='lat' dir='ltr'>were</span> <span class='ocrx_word' id='word_1_271' title='bbox 763 4004 793 4037; x_wconf 88' lang='lat' dir='ltr'>so</span> <span class='ocrx_word' id='word_1_272' title='bbox 812 3986 1008 4050; x_wconf 84' lang='lat' dir='ltr'>denominated‚</span> <span class='ocrx_word' id='word_1_273' title='bbox 1022 3986 1134 4038; x_wconf 85' lang='lat' dir='ltr'>because</span> <span class='ocrx_word' id='word_1_274' title='bbox 1153 3986 1216 4057; x_wconf 86' lang='lat' dir='ltr'>they</span> 
     </span>
     <span class='ocr_line' id='line_1_34' title="bbox 113 4069 1217 4140; baseline 0.001 -18"><span class='ocrx_word' id='word_1_275' title='bbox 113 4069 238 4122; x_wconf 87' lang='lat' dir='ltr'>believed</span> <span class='ocrx_word' id='word_1_276' title='bbox 252 4070 297 4122; x_wconf 85' lang='lat' dir='ltr'>the</span> <span class='ocrx_word' id='word_1_277' title='bbox 313 4070 393 4140; x_wconf 89' lang='lat' dir='ltr'>Deity</span> <span class='ocrx_word' id='word_1_278' title='bbox 406 4078 433 4122; x_wconf 87' lang='lat' dir='ltr'>to</span> <span class='ocrx_word' id='word_1_279' title='bbox 447 4087 552 4140; x_wconf 85' lang='lat' dir='ltr'>possess</span> <span class='ocrx_word' id='word_1_280' title='bbox 566 4088 582 4121; x_wconf 89' lang='lat' dir='ltr'>a</span> <span class='ocrx_word' id='word_1_281' title='bbox 595 4088 692 4122; x_wconf 76' lang='lat' dir='ltr'>aunan</span> <span class='ocrx_word' id='word_1_282' title='bbox 707 4089 801 4137; x_wconf 81' lang='lat' dir='ltr'>snare,</span> <span class='ocrx_word' id='word_1_283' title='bbox 815 4072 868 4124; x_wconf 88' lang='lat' dir='ltr'>and</span> <span class='ocrx_word' id='word_1_284' title='bbox 882 4071 938 4123; x_wconf 87' lang='lat' dir='ltr'>that</span> <span class='ocrx_word' id='word_1_285' title='bbox 951 4070 1143 4140; x_wconf 89' lang='lat' dir='ltr'>consequently</span> <span class='ocrx_word' id='word_1_286' title='bbox 1155 4088 1217 4123; x_wconf 90' lang='lat' dir='ltr'>man</span> 
     </span>
     <span class='ocr_line' id='line_1_35' title="bbox 114 4156 1219 4232; baseline 0.001 -24"><span class='ocrx_word' id='word_1_287' title='bbox 114 4173 170 4209; x_wconf 73' lang='lat' dir='ltr'>was</span> <span class='ocrx_word' id='word_1_288' title='bbox 183 4156 289 4209; x_wconf 80' lang='lat' dir='ltr'>formed</span> <span class='ocrx_word' id='word_1_289' title='bbox 302 4156 370 4209; x_wconf 81' lang='lat' dir='ltr'>after</span> <span class='ocrx_word' id='word_1_290' title='bbox 382 4156 424 4208; x_wconf 92' lang='lat' dir='ltr'>hia</span> <span class='ocrx_word' id='word_1_291' title='bbox 435 4157 527 4227; x_wconf 87' lang='lat' dir='ltr'>bodily</span> <span class='ocrx_word' id='word_1_292' title='bbox 539 4156 650 4225; x_wconf 90' lang='lat' dir='ltr'>(nothis</span> <span class='ocrx_word' id='word_1_293' title='bbox 661 4157 756 4223; x_wconf 89' lang='lat' dir='ltr'>moral)</span> <span class='ocrx_word' id='word_1_294' title='bbox 770 4158 865 4227; x_wconf 86' lang='lat' dir='ltr'>image,</span> <span class='ocrx_word' id='word_1_295' title='bbox 876 4157 929 4210; x_wconf 82' lang='lat' dir='ltr'>and</span> <span class='ocrx_word' id='word_1_296' title='bbox 939 4157 998 4211; x_wconf 84' lang='lat' dir='ltr'>that</span> <span class='ocrx_word' id='word_1_297' title='bbox 1010 4156 1055 4210; x_wconf 89' lang='lat' dir='ltr'>the</span> <span class='ocrx_word' id='word_1_298' title='bbox 1068 4156 1219 4232; x_wconf 77' lang='lat' dir='ltr'>Patriarehs</span> 
     </span>
     <span class='ocr_line' id='line_1_36' title="bbox 115 4229 1208 4312; baseline 0 -18"><span class='ocrx_word' id='word_1_299' title='bbox 115 4241 215 4296; x_wconf 86' lang='lat' dir='ltr'>beheld</span> <span class='ocrx_word' id='word_1_300' title='bbox 226 4242 284 4295; x_wconf 90' lang='lat' dir='ltr'>him</span> <span class='ocrx_word' id='word_1_301' title='bbox 296 4241 361 4295; x_wconf 72' lang='lat' dir='ltr'>aith</span> <span class='ocrx_word' id='word_1_302' title='bbox 374 4241 420 4295; x_wconf 83' lang='lat' dir='ltr'>the</span> <span class='ocrx_word' id='word_1_303' title='bbox 432 4260 495 4312; x_wconf 87' lang='lat' dir='ltr'>eyes</span> <span class='ocrx_word' id='word_1_304' title='bbox 507 4242 539 4295; x_wconf 79' lang='lat' dir='ltr'>ot&#39;</span> <span class='ocrx_word' id='word_1_305' title='bbox 547 4241 593 4295; x_wconf 86' lang='lat' dir='ltr'>the</span> <span class='ocrx_word' id='word_1_306' title='bbox 606 4240 682 4295; x_wconf 85' lang='lat' dir='ltr'>ilesh.</span> <span class='ocrx_word' id='word_1_307' title='bbox 1126 4250 1130 4261; x_wconf 92' lang='lat'>&#39;</span> <span class='ocrx_word' id='word_1_308' title='bbox 1206 4229 1208 4233; x_wconf 42' lang='grc'>’</span> 
     </span>
    </p>
   </div>
   <div class='ocr_carea' id='block_1_4' title="bbox 0 0 1566 5134">
    <p class='ocr_par' dir='ltr' id='par_1_9' title="bbox 0 0 1566 5134">
     <span class='ocr_line' id='line_1_37' title="bbox 0 0 1566 5134; baseline 0 0"><span class='ocrx_word' id='word_1_309' title='bbox 0 0 1566 5134; x_wconf 95' lang='lat' dir='ltr'> </span> 
     </span>
    </p>
   </div>
  </div>
 </body>
</html>
