3042 5134
582 508 775 575 Onoomoon
791 512 817 576 Ι.
1157 516 1196 581 67

98 684 185 771 Onjus
209 704 290 749 anno
313 680 420 747 ultimo
436 680 547 745 Niceta
570 680 694 761 interiit,
710 688 741 747 et
761 681 945 749 substitutus
959 688 1005 749 est
1031 684 1059 749 ei
1086 684 1197 752 Paulus

98 788 228 873 Cyprius,
244 788 259 870 ΙΙ
277 786 322 850 vir
335 784 426 849 verbo
440 790 471 848 et
484 782 646 849 virtmibns
661 806 828 849 coruscans.
978 856 982 863 ,

134 889 191 953 His
212 888 320 953 diebus
342 888 470 973 Pipinus
490 886 613 951 Parisiis
627 886 713 966 obiit,
729 887 839 952 relictis
854 888 925 955 filiis
948 890 1009 955 suis
1032 890 1140 957 Oarolo
1162 898 1194 957 et

94 992 192 1057 Oarolo
210 992 347 1076 Magn03
370 990 421 1055 sod
437 990 561 1055 Carolus
581 990 714 1076 Magnus
730 992 831 1056 statim
849 992 945 1073 obiit;
967 1000 998 1059 et
1012 994 1136 1061 Carolus
1157 996 1191 1061 in

95 1101 188 1159 totum
212 1116 342 1179 regnum
366 1092 519 1158 successit.
564 1090 628 1157 Iste
650 1093 793 1158 finitimas
819 1102 925 1180 gentes
946 1095 1069 1163 rebelles
1084 1099 1190 1185 perdo-

94 1198 175 1262 muit.
228 1198 281 1261 Ad
295 1218 366 1261 eum
392 1196 556 1260 destinatus
580 1203 626 1260 est
650 1196 900 1281 legatus,Petn1s
923 1201 1055 1281 nomine,
1076 1224 1093 1266 a
1113 1224 1191 1288 papa

93 1300 229 1377 Adriano,
246 1306 350 1385 petens
365 1298 547 1384 adjutorium
562 1308 666 1363 contra
689 1321 790 1385 regem
809 1300 1009 1382 Desiderinm,
1026 1306 1077 1389 qui
1092 1306 1189 1390 patrio

94 1426 171 1468 more
195 1402 384 1490 opprimebat
406 1402 579 1467 Ecclesiam.
622 1404 770 1468 Annuens
795 1405 889 1491 igitur
913 1406 1047 1489 Carolus,
1073 1408 1191 1475 obsedit

94 1506 231 1591 Papiam3
255 1513 287 1572 et
313 1512 399 1591 capto
416 1506 536 1569 demum
559 1505 725 1584 Desiderio,
752 1529 822 1571 eum
836 1508 917 1572 misit
940 1509 973 1574 in
999 1510 1130 1590 exilium,
1158 1517 1189 1576 et

93 1609 182 1673 lilium
206 1611 273 1695 ejus
294 1608 411 1694 fugauit
437 1607 474 1671 de
499 1629 602 1692 regnu,
627 1614 658 1672 et
682 1608 782 1673 tilium
807 1632 896 1675 suum
922 1610 1064 1696 Pipinum
1086 1635 1186 1698 regem

95 1714 257 1779 constituit.
331 1712 425 1776 Venit
464 1712 557 1796 igitur
595 1712 731 1790 Roman,
768 1712 829 1791 ubi,
860 1713 1007 1781 celebrato
1047 1718 1187 1798 concilio,

94 1816 277 1901 congregatis
314 1814 451 1880 CLVIII
481 1814 627 1899 episcopis
661 1820 692 1879 et
721 1814 889 1897 abbatibus,
921 1818 1071 1884 Adrianus
1105 1822 1187 1906 Papa

94 1918 170 1984 dedit
184 1920 284 1984 eidem
295 1918 458 2003 Oarolojus
472 1917 603 2002 eligendi
618 1918 774 1982 Summum
785 1918 963 1985 Pontificem
979 1928 1009 1987 et
1029 1922 1186 1988 ordinandi

94 2020 186 2085 sedem
201 2021 418 2107 Apostolicam.
462 2020 650 2104 Dignitatem
672 2041 792 2105 quoque
805 2022 979 2106 patriciatus
994 2024 1124 2089 contulit
1138 2025 1185 2105 ei;

94 2145 178 2207 quam
192 2129 296 2188 tamen
318 2122 413 2188 solam
426 2122 642 2187 Constantinus
664 2122 825 2207 imperator
839 2124 896 2188 sibi
911 2131 942 2189 et
964 2126 1186 2192 successoribus

91 2227 148 2290 suis
158 2227 332 2303 retinuerat,
346 2226 381 2289 in
395 2224 554 2289 donatione
568 2223 650 2289 urbis
665 2230 696 2289 et
709 2226 854 2311 regalium
867 2227 946 2293 lacta
960 2227 1047 2293 beato
1065 2230 1185 2309 Silano,

92 2335 125 2393 ut
145 2330 309 2416 imperator
333 2350 449 2413 semper
461 2334 540 2393 esset
563 2334 648 2413 pater
675 2327 758 2393 urbis
773 2335 804 2394 et
828 2330 999 2396 advocatus.
1045 2330 1183 2417 Insuper,

91 2432 325 2519 archiepiscopos
345 2439 375 2496 et
390 2432 542 2516 episcopos
559 2453 612 2516 per
631 2430 764 2516 singulas
779 2432 944 2517 provincias
960 2432 997 2498 ab
1013 2456 1047 2497 eo
1061 2435 1183 2500 investi-

89 2542 182 2601 turam
207 2537 341 2621 accipere
365 2534 509 2613 definivit,
524 2540 555 2598 et
569 2540 614 2612 ut,
633 2533 692 2597 nisi
708 2556 807 2618 arego
820 2533 1011 2600 laudarentur
1022 2542 1052 2601 et
1066 2536 1187 2601 investi-

90 2646 195 2719 rentur,
230 2664 249 2705 a
270 2639 390 2703 nemine
402 2644 643 2702 consecrarentur
649 2664 660 2717 3
675 2643 706 2702 et
729 2658 832 2702 omnes
845 2637 915 2703 huic
930 2638 1048 2704 decreto
1062 2638 1186 2705 rebelles

89 2740 343 2807 anathematizavit
355 2767 365 2820 3
390 2745 422 2804 et
449 2738 508 2803 nisi
535 2738 749 2824 resipiscerent,
790 2761 892 2806 eorum
921 2740 1000 2807 bona
1035 2742 1182 2829 publicari

92 2842 226 2911 decrevit.

126 2947 271 3033 Ejusdem
278 2946 377 3012 Garoli
389 2945 645 3032 temporemultus
656 2945 779 3032 sanguis
792 2946 906 3013 alfusus
918 2954 972 3013 est
997 2949 1178 3035 Britannosp

89 3050 162 3115 enim
185 3059 215 3118 et
238 3052 370 3115 Saxones
385 3057 416 3115 et
436 3050 576 3115 Frisones
591 3057 624 3114 et
643 3050 742 3115 Dacos
757 3057 788 3116 et
806 3052 925 3116 Solavos
941 3055 1133 3139 expugnavit,
1150 3062 1181 3117 et

87 3152 267 3221 Christianos
281 3155 346 3218 fieri
362 3154 499 3219 coniecit.
548 3154 655 3219 Postea
670 3154 822 3219 Gascones
836 3154 1035 3239 et'Hispanos
1050 3156 1178 3220 maximo

89 3260 117 3318 et
137 3256 264 3321 mirabili
278 3256 408 3320 exercitu
422 3255 542 3335 invasit,
562 3261 593 3319 et
612 3278 665 3340 per
688 3254 814 3341 abrupta
839 3256 986 3321 montium
1003 3258 1180 3344 Hispaniam

86 3355 229 3425 introivit.
272 3357 450 3423 Notandum
470 3381 540 3423 voro
561 3381 620 3442 qua
634 3359 787 3423 occasione
801 3381 886 3443 reges
901 3358 1083 3424 Francorum
1099 3361 1179 3426 solli-

89 3459 249 3526 citarentur
257 3460 294 3527 de
302 3460 459 3545 Hispania
498 3460 602 3531 Quum
613 3462 693 3525 euim
706 3461 850 3546 Hispania
859 3467 923 3525 tota
934 3468 964 3525 et
975 3484 1082 3549 magna
1092 3464 1180 3529 etiam

87 3584 149 3646 pars
162 3565 275 3629 Atrioae
289 3562 345 3627 sub
359 3562 528 3628 Christiana
540 3563 602 3627 lide
615 3563 837 3647 profiterentur,
853 3562 927 3628 adeo
940 3571 975 3627 ut
988 3565 1189 3652 imperatores

87 3665 294 3753 Hispaniarum
321 3665 481 3751 aregibus
504 3665 614 3730 Airicae
640 3664 753 3731 tributa
781 3666 977 3751 perciperent,
1002 3669 1119 3747 accidit,
1144 3676 1180 3733 ut

89 3766 201 3849 dicitur,
219 3769 299 3857 quod
314 3770 473 3854 imperator
493 3767 667 3832 familiarem
682 3768 845 3856 comitem*
866 3790 920 3853 pro
935 3768 1055 3835 tributis
1070 3771 1131 3834 suis
1146 3772 1179 3835 in

120 3978 131 4036 l
151 3974 258 4028 Pronus
270 3974 403 4044 Crrurus]
423 3973 490 4026 Paul
509 3972 558 4035 lv,
592 3972 707 4028 because
734 3975 769 4029 he
787 3990 841 4027 was
858 3974 926 4027 born
942 3976 970 4027 in
989 3975 1034 4029 the
1051 3975 1138 4029 island
1156 3978 1189 4033 of

89 4058 108 4109 C
188 4103 195 4117 .

110 4078 322 4218 ylprblirrauuos]
339 4148 384 4201 the
395 4148 492 4219 people
505 4148 534 4201 ot
546 4148 694 4219 Bretagne.
802 4149 818 4179 ⁸
837 4148 924 4201 count
934 4148 951 4201 J
955 4148 1035 4201 uliau.
