3042 5134
535 423 723 486 Cnaonrcon
746 421 791 486 ΙΙ.
1151 427 1211 493 167

112 592 246 656 Joannes
270 591 426 655 cardinalis
443 590 474 652 !''
505 590 608 653 Simile
620 590 731 654 lactum
747 597 793 654 est
817 590 853 654 de
867 591 1001 656 Ebroino
1018 593 1153 677 prefecto
1180 592 1213 658 in

111 694 305 758 barbarorum
320 692 426 756 insula.

153 795 236 859 Urbs
257 793 461 858 Mediolanum
483 793 547 856 VII
571 793 657 856 annis
669 792 706 856 ab
726 793 902 877 imperatore
913 793 1067 858 Frederico
1083 796 1211 875 obsessa,

111 897 250 960 funditus
264 918 364 958 eversa
379 902 433 971 est,
449 894 501 957 sed
516 901 583 977 post
599 899 741 977 reparata.

157 999 230 1062 Tres
248 999 325 1080 magi
347 997 401 1074 illi,
419 998 470 1080 qui
485 997 649 1059 Dominum
672 997 879 1079 requisierunt,
904 997 1056 1062 Coloniam
1071 1001 1212 1084 asportati

116 1115 189 1172 sunt
205 1130 222 1170 a
238 1106 409 1170 Mediolano
424 1105 479 1169 sub
495 1105 658 1169 Frederico
668 1107 853 1190 imperatore.
919 1107 979 1170 Hie
1002 1108 1214 1174 Alexandriam

116 1209 284 1273 construxit
302 1209 334 1270 in
351 1209 439 1271 Italia
454 1207 489 1270 de
504 1214 649 1290 potestate
666 1230 758 1291 papae.

160 1311 225 1374 Rex
239 1310 411 1373 Ludovicus
427 1308 677 1393 contemplatione
691 1309 897 1392 sterlingorum
914 1332 1029 1394 semper
1043 1313 1132 1376 asuis
1145 1334 1212 1397 prc-

118 1413 211 1490 ditus,
234 1411 321 1476 beato
344 1412 466 1474 Thomas
488 1411 621 1474 exulanti
642 1433 822 1495 compassus,
839 1414 1001 1475 necessaria
1015 1435 1080 1476 eum
1098 1436 1214 1478 summo

115 1516 237 1592 honore,
253 1521 284 1577 et
298 1520 366 1597 post
381 1521 506 1576 mortem
521 1514 585 1596 ejus
611 1513 779 1576 cantuariae
803 1513 915 1576 reditus
935 1515 1069 1577 contulit.
1130 1515 1215 1580 Obiit

113 1617 257 1692 Parisino,
275 1615 467 1699 sepultusque
491 1622 535 1677 est
557 1613 637 1698 apud
651 1613 803 1676 Barbeaus
827 1635 916 1698 super
932 1615 1108 1697 Sequanam,
1125 1639 1213 1699 quam

112 1719 178 1802 ipse
202 1716 349 1780 fundavit.
388 1715 449 1785 Qui
473 1717 607 1798 regnavit
632 1724 701 1799 post
731 1715 817 1778 XLV
842 1737 944 1779 annos.
991 1717 1064 1801 Ejus
1092 1739 1214 1781 uxorem

119 1821 254 1904 primam,
271 1819 388 1902 objectu
405 1819 563 1902 parentelae
579 1824 751 1900 separatam,
762 1818 880 1880 vivente
894 1819 1010 1895 marito,
1027 1819 1090 1882 dux
1106 1819 1214 1882 Henri·

115 1942 168 1985 cns
183 1920 279 1997 duxit,
295 1927 415 2004 accepto
434 1919 577 1982 comitatu
596 1919 774 2002 Aquitaniae.
831 1920 948 1982 Nactus
971 1927 1067 1984 autem
1089 1943 1213 2004 regnum

115 2022 293 2105 Anglorum,
319 2044 417 2084 servos
443 2021 569 2103 spurios,
597 2022 739 2103 caligatos
764 2020 865 2097 cubili,
890 2043 1007 2096 mensae,
1023 2043 1115 2105 regno
1141 2045 1214 2106 prar-

114 2124 195 2200 iecit,
231 2131 262 2187 et
291 2146 329 2186 ex
357 2123 394 2185 iis
424 2130 596 2205 quaestores,
635 2129 785 2206 platinas,
827 2123 1028 2205 proconsules,
1068 2123 1212 2200 tribunos,

115 2226 291 2309 municipes,
321 2224 490 2287 forestarios
527 2246 615 2308 super
654 2224 820 2307 provincias
850 2224 1016 2287 constituit.
1079 2224 1214 2288 Illustres

117 2328 291 2412 ignominiis
303 2333 448 2403 oneratos,
461 2327 511 2389 sed
524 2328 636 2390 caeteris
657 2326 742 2389 rebus
757 2347 875 2402 vacuos,
892 2325 1075 2410 patrimoniis
1094 2328 1215 2391 omnino

117 2432 253 2514 privarit,
270 2429 316 2493 vel
332 2429 456 2492 subdole
471 2429 657 2512 portionibus
673 2429 812 2491 detractis
828 2427 1023 2492 decrostando
1039 2429 1145 2493 sensim
1163 2430 1214 2493 ad·

115 2535 260 2598 nihilavit.
297 2535 346 2596 Ex
361 2533 559 2612 cubiculariis,
576 2541 607 2597 et
621 2533 696 2596 aulae
712 2533 907 2616 nugatoribus
922 2534 1075 2616 episcopos
1093 2532 1214 2597 abbates

115 2638 213 2702 factos
234 2637 409 2700 auctoritate
430 2637 549 2720 propria
571 2638 607 2700 ad
629 2636 763 2699 cilicium
782 2636 978 2719 apparitornm
1006 2637 1162 2711 revocavit,
1186 2643 1216 2699 et

115 2762 203 2824 quern
224 2739 378 2822 praesulem
398 2745 510 2802 crearat
532 2761 568 2800 ex
589 2738 721 2822 praeside,
745 2739 778 2801 in
805 2739 997 2822 praesidatum
1015 2741 1154 2804 recreavit
1178 2763 1214 2804 ex

114 2842 250 2925 praesule.
307 2841 498 2904 Monasteriis
521 2841 694 2904 vacantibus
710 2840 824 2904 solicite
840 2841 995 2926 disposuit,
1012 2865 1070 2906 non
1089 2844 1214 2926 qualiter

116 2943 221 3008 beatus
244 2943 405 3027 Gregorius
426 2942 638 3019 subarrhando,
661 2943 713 3006 sed
729 2945 877 3026 quomodo
892 2945 1025 3023 Vestina,
1042 2947 1093 3028 qui
1109 2969 1213 3010 monu-

116 3051 251 3107 mentum
273 3044 364 3126 patris
385 3044 532 3108 exarando
553 3044 646 3107 coluit
656 3071 666 3122 3
679 3043 809 3121 abbates,
833 3045 1045 3129 hippodromos
1058 3055 1087 3110 et
1108 3069 1213 3111 canum

121 3146 259 3210 custodes
281 3146 361 3220 lecit,
386 3147 585 3230 possessiones
607 3147 797 3210 ecclesiarum
817 3147 996 3224 confiscavit,
1017 3155 1046 3211 et
1068 3171 1140 3232 quas
1155 3150 1218 3232 ipse

117 3249 185 3312 Deo
200 3248 405 3332 imprudenter
418 3247 537 3325 obtulit,
552 3248 711 3332 impudens
720 3250 867 3312 revocavit
875 3276 884 3327 ;
899 3250 1043 3333 episcopis
1056 3257 1213 3314 testamen-

116 3358 185 3414 tum
204 3350 299 3413 lacere
322 3351 465 3434 permisit,
482 3351 533 3414 sed
550 3351 649 3414 relicta
664 3351 794 3414 ecclesiae
815 3351 918 3414 callide
931 3351 1097 3430 subtraxit3
1112 3353 1214 3417 relicta

117 3451 242 3536 privatis
258 3452 400 3515 violenter
414 3453 532 3536 eripuit.
591 3453 678 3516 Nulli
692 3453 769 3515 inlra
784 3460 876 3516 metas
890 3453 1007 3517 lorestae
1022 3453 1168 3517 habitanti
1182 3454 1215 3518 in

18 3636 24 3642 „
116 3552 192 3616 lucis
207 3554 332 3636 propriis
356 3560 406 3616 aut
434 3556 531 3637 virgas
546 3553 704 3637 colligendi
720 3563 772 3618 aut
793 3555 937 3618 silvestria
952 3563 982 3619 et
997 3557 1077 3620 invia
1092 3558 1121 3619 in
1138 3559 1214 3641 agri·

118 3653 267 3717 culturam
292 3655 399 3738 agendi
423 3663 597 3738 potestatem
614 3658 760 3720 concessit
788 3657 851 3720 sine
874 3658 1043 3722 forestariis.
1101 3659 1215 3741 Legem

118 3777 239 3838 quoque
262 3755 299 3818 de
322 3755 438 3818 lorestis
460 3757 622 3820 inauditam
647 3758 737 3835 dedit,
759 3781 817 3842 qua
840 3759 941 3823 delicti
965 3760 1052 3822 alieni
1069 3759 1215 3824 immunes

118 3868 264 3942 perpetuo
289 3857 513 3921 mulctabuntur
537 3882 627 3942 quum
654 3859 819 3924 decessores
848 3861 929 3924 nulla
958 3860 1035 3924 linea
1064 3861 1216 3943 sanguinis

120 3959 287 4041 contigerit.
325 3959 496 4030 illustribus
520 3983 626 4056 uxores
650 3961 765 4037 ducere,
781 3963 858 4026 filias
880 3963 988 4045 nuptui
1012 3962 1089 4039 dare,
1113 3970 1218 4046 praeter

125 4061 205 4146 regis
224 4062 434 4125 conscientiam
454 4062 594 4139 inhibuit,
610 4071 640 4127 et
654 4071 882 4147 transgressores
897 4071 1037 4147 tanquam
1053 4087 1127 4142 reos,
1144 4063 1219 4128 laesae
