3042 5134
312 573 333 631 2
698 569 845 632 Rnnuurr
866 567 975 631 Nroar

310 735 470 802 duceretur
495 760 516 802 a
539 759 633 822 puero
657 744 809 817 venatum,
832 737 975 802 occidisse
996 736 1080 800 Caim
1101 735 1269 800 latitantem
1291 735 1371 799 inter

312 838 450 916 frutecta,
463 831 501 904 ad
516 848 631 905 motum
647 841 788 906 foliorum
804 841 917 905 directa
930 840 1040 924 sagitta
1053 839 1126 924 ejus.
1171 839 1239 902 Avo
1254 840 1367 924 agnito,

310 941 423 1006 occidit
444 949 474 1006 et
495 965 622 1027 puerum
651 943 756 1008 ducem
779 965 878 1022 suum,
902 965 994 1026 quum
1018 941 1173 1005 occidisset
1195 941 1280 1005 Caim
1301 942 1367 1026 ejus

314 1042 478 1109 directione
501 1052 606 1109 eontra
628 1045 686 1109 Dei
709 1046 893 1109 mandatum.
937 1045 1142 1108 Veruntamen
1164 1043 1228 1107 haec
1248 1044 1369 1107 traditio

314 1152 360 1209 est
380 1147 567 1226 Judaeorum,
582 1147 665 1212 uuila
678 1148 887 1212 canonicarum
911 1147 1123 1230 scripturarum
1146 1146 1224 1209 tulta
1242 1146 1367 1230 primor-

316 1248 391 1327 diis3
415 1256 445 1313 et
462 1249 580 1313 videtur
594 1250 701 1314 mirum
718 1250 743 1313 si
757 1258 804 1314 tot
818 1256 964 1334 nepotum
984 1247 1169 1332 temporibus
1182 1248 1258 1311 vixit
1273 1247 1366 1326 Caim,

315 1372 411 1434 usque
433 1351 470 1414 ad
492 1352 573 1416 huno
593 1352 732 1416 Lamech.
780 1352 840 1414 Hic
860 1352 937 1416 enirn
958 1350 1119 1434 bigamiam
1138 1350 1315 1428 introduxit,
1336 1357 1367 1413 et

316 1451 353 1517 de
387 1453 476 1517 Adda
509 1456 615 1538 genuit
653 1455 778 1518 Sabnael
812 1456 865 1539 qui
891 1454 951 1516 tuit
986 1462 1071 1536 pater
1104 1451 1304 1516 habitantium
1335 1452 1370 1516 in

314 1557 460 1634 tentoriis,
477 1565 508 1620 et
521 1565 621 1642 pastor
636 1557 756 1635 ovium3
781 1563 811 1620 et
826 1557 927 1634 tubal,
945 1555 997 1639 qui
1019 1555 1078 1618 fuit
1092 1560 1176 1638 pater
1196 1555 1367 1618 canentium

318 1658 430 1721 cithara
448 1664 478 1721 et
498 1681 618 1742 organo.
664 1660 711 1723 De
730 1659 808 1723 Sella
823 1659 927 1742 genuit
948 1658 1131 1735 Tubalcaim,
1148 1658 1199 1741 qui
1216 1657 1276 1721 fuit
1295 1657 1367 1725 mal·

317 1761 410 1824 leator
430 1766 460 1823 et
480 1759 571 1837 taber,
591 1761 624 1823 in
647 1773 754 1825 cuncta
775 1783 864 1845 opera
880 1763 947 1824 aeris
969 1767 1000 1824 et
1022 1761 1090 1824 terri
1100 1786 1110 1838 3
1141 1767 1171 1824 et
1189 1759 1367 1823 Nocmmam

316 1885 444 1926 sororem
460 1863 532 1948 ejus

364 1965 438 2029 Haec
460 1963 610 2048 generatio
626 1965 708 2028 Caim
728 1965 873 2049 profluxit
895 1985 990 2046 usque
1010 1963 1048 2026 ad
1069 1963 1238 2043 diluvium3
1260 1964 1292 2028 in
1308 1987 1368 2048 quo

318 2073 440 2151 propter
461 2067 632 2150 iniquitates
657 2091 723 2131 suas
742 2076 807 2132 tota
825 2068 923 2151 periit.
969 2067 1155 2150 interempto
1172 2068 1266 2150 igitur
1280 2067 1367 2146 Abel,

318 2175 348 2232 et
368 2171 471 2252 fugato
492 2170 573 2233 Caim
598 2193 614 2232 a
634 2170 707 2233 faeie
728 2170 862 2246 Domini,
883 2168 983 2252 posuit
1001 2169 1150 2232 Dominus
1169 2193 1270 2233 semen
1287 2170 1367 2234 alind

318 2295 372 2356 pro
398 2272 484 2336 Abel.
529 2271 677 2355 Cognovit
704 2272 783 2336 enim
814 2271 910 2334 Adam
941 2293 1062 2333 uxorem
1092 2293 1175 2335 suam
1205 2272 1312 2350 Evam,
1338 2279 1368 2336 et

319 2375 423 2458 genuit
435 2373 507 2438 Seth
518 2401 527 2452 3
554 2374 590 2437 de
603 2396 661 2458 quo
676 2380 765 2436 natus
776 2382 821 2435 est
831 2373 923 2448 Enoc,
937 2371 989 2454 qui
1004 2371 1093 2456 coepit
1107 2373 1245 2436 invocare
1260 2397 1368 2438 nomen

320 2477 454 2554 Domini,
471 2483 501 2540 et
516 2476 620 2559 genuit
635 2475 771 2550 Chauon,
789 2474 840 2556 qui
856 2473 960 2556 genuit
977 2473 1154 2553 Mahalchel,
1171 2498 1264 2559 aquo
1286 2483 1369 2540 ortus

320 2587 366 2644 est
388 2578 503 2656 Jareth,
524 2578 576 2660 qui
596 2577 700 2660 genuit
721 2577 817 2642 Enoc.
862 2576 925 2638 Iste
944 2576 1044 2660 justus
1066 2576 1134 2654 fuit,
1155 2584 1186 2640 et
1205 2601 1222 2640 a
1244 2578 1369 2642 Domino

321 2682 480 2746 translatus
506 2703 569 2744 esse
595 2679 704 2744 dicitur
729 2679 759 2741 in
790 2678 969 2762 paradisum.
1014 2678 1105 2742 Unde
1133 2687 1277 2744 venturus
1306 2703 1369 2745 msc

319 2789 514 2870 prteoonatur,
541 2781 706 2846 novissimis
729 2780 845 2858 ¹diebus,
868 2803 937 2844 cum
961 2779 1068 2866 Helya,
1084 2781 1123 2846 ad
1145 2782 1368 2867 confligendum

319 2909 387 2952 cum
402 2884 597 2956 Antichristo.

363 2990 448 3052 Enoc
463 2994 560 3050 autem
577 2985 680 3070 gennit
695 2985 888 3050 Metussalem
906 2986 956 3070 qui
980 2987 1084 3070 genuit
1100 2986 1241 3066 Lamech,
1258 2987 1295 3052 de
1309 3009 1369 3073 qno

320 3099 403 3157 ortrn
429 3097 474 3156 cst
498 3089 597 3166 Noeh,
613 3089 664 3172 qui
683 3088 741 3152 fuit
762 3089 807 3151 vir
826 3090 927 3173 justus
943 3089 975 3151 in
991 3088 1230 3172 generationibus
1252 3091 1324 3168 suis,
1339 3096 1370 3155 et

320 3193 426 3279 genuit
439 3198 499 3256 tres
513 3191 602 3269 filios,
619 3191 697 3268 Sem,
714 3190 817 3268 (iham,
833 3199 863 3255 et
879 3190 1020 3274 «iapheth.

364 3294 466 3364 Quum
478 3299 577 3357 autern
592 3293 749 3376 coepissent
764 3292 898 3356 homines
907 3292 1096 3376 multiplicari
1106 3315 1195 3376 snper
1208 3300 1327 3375 terram,
1339 3302 1370 3360 et

321 3396 462 3480 cogitatio
477 3415 578 3460 eornm
594 3395 709 3459 intenta
723 3401 799 3458 esset
813 3394 849 3458 ad
861 3395 971 3459 malum
984 3395 1218 3478 omnitempore,
1230 3398 1371 3481 poenituit

321 3499 471 3565 Dominus
486 3495 567 3580 quod
581 3497 730 3562 hominem
746 3497 875 3575 iecisset,
891 3510 921 3560 et
936 3497 1041 3561 statuit
1055 3519 1123 3560 eum
1139 3497 1245 3562 delere.
1291 3499 1372 3570 Quia

321 3624 391 3667 vero
416 3599 531 3666 invenit
552 3599 630 3662 Noe,
643 3600 768 3684 gratiam
792 3621 890 3662 coram
915 3621 961 3677 eo,
981 3599 1122 3684 praecepit
1150 3600 1178 3662 ei
1196 3607 1232 3663 nt
1253 3602 1372 3666 archam

322 3706 441 3780 faceret,
465 3707 496 3766 et
523 3701 674 3766 materiam
697 3708 728 3766 et
754 3701 877 3764 modum
899 3708 928 3764 et
952 3722 1071 3764 causam
1095 3701 1121 3765 ei
1145 3701 1371 3770 determinavit:

322 3804 475 3870 materiam
499 3801 541 3880 de,
555 3802 645 3887 lignis
664 3801 800 3886 levigatis
815 3813 846 3864 ct
868 3801 1033 3880 bitumine3
1057 3802 1180 3866 modum
1207 3805 1372 3870 seeundum

325 3907 523 3972 dimensiones
547 3912 642 3969 certas
663 3911 693 3967 et
716 3892 883 3967 mansiones
893 3931 903 3983 3
930 3927 1059 3981 causam,
1083 3904 1170 3968 utin
1192 3927 1226 3968 ea
1247 3906 1373 3972 adseret

324 4031 424 4074 semen
452 4007 609 4071 hominum
637 4013 668 4070 et
696 4005 891 4070 animantium
920 4029 1009 4090 super
1043 4011 1162 4084 terram,
1192 4029 1230 4070 ne
1259 4008 1372 4075 diluvio

325 4113 443 4199 periret.
489 4107 662 4172 Introduxit
676 4107 770 4192 igitur
780 4107 813 4170 in
827 4129 897 4170 eum
911 4130 943 4170 se
964 4117 994 4171 et
1013 4130 1135 4171 uxorem
1149 4131 1234 4172 suam
1249 4116 1278 4172 at
1292 4111 1373 4176 filios

327 4235 408 4291 snoS,
432 4218 462 4276 et
484 4231 586 4274 eorum
608 4230 714 4272 uxores
725 4236 735 4288 3
761 4214 850 4272 etex
873 4209 1011 4272 omnibus
1032 4209 1232 4273 animantibus
1253 4212 1374 4278 mundis

326 4323 448 4400 septena
469 4318 500 4378 et
515 4317 647 4396 septena,
665 4317 694 4374 et
709 4310 746 4376 de
760 4310 923 4375 immundis
937 4311 1009 4375 bina
1024 4319 1054 4375 et
1068 4311 1149 4391 bina,
1164 4311 1328 4378 masculum
1343 4322 1374 4382 et
