3042 5134
513 515 705 570 Unacnrccn
725 503 773 566 Π.
1128 493 1187 560 181

94 696 166 742 num
193 673 231 739 de
261 674 364 739 Rivers
401 672 607 737 exheredavit.
672 671 749 734 Inde
783 669 908 734 Vectam
941 669 1072 734 insulam
1101 666 1188 752 cepit.

135 779 228 841 Anno
242 775 373 839 secundo
388 797 439 838 rex
454 775 622 858 Stephanus
636 772 836 836 transfretavit
847 772 879 834 in
895 771 1120 847 Normanniam,
1138 765 1189 831 ubi

93 879 196 942 omnia
216 901 282 962 quae
304 877 415 961 incepit
436 875 602 940 luculenter
623 875 753 959 perlecit.
806 874 952 938 Hostium
972 874 1191 936 circumventus

92 980 242 1065 reppulit3
258 978 490 1043 ¹hostiliacastra
504 977 619 1060 depulit
627 1004 637 1054 ς
653 975 850 1039 concordatus
866 982 912 1038 est
927 996 995 1038 cnm
1009 995 1079 1057 rege
1097 972 1189 1034 Fran-

90 1105 193 1146 corum
208 1080 378 1156 Lodonico,
394 1086 425 1143 et
440 1079 620 1142 Eustachius
638 1078 718 1141 lilius
733 1079 758 1161 ej
764 1101 797 1140 us
812 1077 902 1140 homo
916 1077 992 1161 regis
1007 1075 1186 1139 Francorum

91 1183 215 1246 ellectus
228 1187 272 1244 est
282 1181 319 1244 de
329 1180 524 1243 Normannia.
541 1179 584 1242 Hi
595 1178 654 1241 duo
664 1179 733 1241 anni
743 1178 821 1261 regis
836 1178 986 1262 Stephano
1002 1174 1190 1261 prosperrimi

90 1285 220 1356 luerunt,
234 1283 340 1346 tertius
355 1281 511 1345 mediocris
526 1289 555 1344 et
571 1281 737 1358 intercisus,
748 1280 807 1344 dno
819 1281 914 1343 ultimi
926 1280 1056 1343 exitiales
1072 1285 1102 1342 et
1116 1301 1190 1363 prac-

88 1385 179 1470 rupti.
230 1384 295 1448 Rex
310 1385 477 1468 Stephanus
492 1383 578 1446 tertio
594 1404 671 1446 anno
687 1382 770 1465 regui
785 1382 832 1445 sni
846 1383 879 1444 in
900 1382 1037 1466 ingressu
1053 1379 1184 1461 Angliae,

92 1486 256 1572 pervolavit
270 1485 307 1549 ad
323 1484 528 1548 Bedelordiam
545 1491 576 1546 et
601 1484 632 1547 in
647 1483 749 1566 vigilia
772 1483 879 1547 natalis
899 1483 1022 1548 Domini
1037 1489 1067 1546 et
1081 1481 1113 1544 in
1127 1485 1192 1543 toto

95 1589 190 1653 natali
203 1587 320 1652 obsedit
335 1611 409 1651 eam.
426 1589 498 1652 (lna
513 1587 541 1649 ei
556 1587 670 1650 reddita
682 1587 712 1649 in
724 1587 852 1650 Scotiarn
864 1585 1011 1671 promovit
1024 1585 1193 1648 exereitum.

139 1692 205 1755 Rex
227 1713 354 1776 namque
380 1692 548 1755 Scottorum
576 1713 627 1774 per
650 1712 719 1754 suos
744 1689 947 1754 execrabiliter
969 1691 1040 1774 egit.
1099 1689 1191 1752 Muli-

94 1816 159 1858 eres
185 1789 312 1878 nalnque
337 1794 472 1877 gravidas
496 1793 652 1857 findebant
676 1801 705 1856 et
730 1793 817 1858 laetus
840 1794 1017 1877 anticipatos
1043 1792 1190 1856 abstrahe·

92 1895 168 1959 bant
176 1922 185 1974 ;
201 1917 308 1979 pueros
317 1918 405 1980 super
415 1896 549 1959 acumina
557 1896 724 1958 lancearum
731 1896 893 1978 jactabant,
907 1895 1092 1980 presbyteros
1104 1917 1192 1980 snper

96 1998 202 2062 altaria
215 1997 440 2075 detruncabant,
458 1998 666 2060 crucifixorum
688 1997 786 2080 capita
802 1997 930 2060 abscissa
948 2021 1036 2082 super
1054 2019 1197 2062 caesorum

93 2121 219 2184 corpora
232 2099 394 2184 ponebant,
410 2113 592 2162 mortuorum
610 2121 677 2161 vero
693 2099 789 2181 capita
806 2107 974 2162 mutuantes
995 2122 1085 2184 super
1099 2099 1192 2162 cruci-

94 2203 157 2265 fixa
182 2199 372 2284 reponebant.
420 2199 625 2283 Quaecumque
655 2201 751 2263 Scotti
773 2199 969 2284 attingebant,
993 2202 1091 2264 omnia
1112 2207 1195 2264 erant

95 2303 186 2389 plena
214 2303 351 2378 horroris,
381 2301 468 2386 plena
498 2301 700 2364 immanitatis,
747 2301 862 2365 Aderat
891 2302 1000 2365 clamor
1026 2302 1193 2380 mulierum,

96 2405 226 2492 ejulatus
241 2426 355 2478 senum,
370 2404 560 2467 morientium
574 2404 711 2486 gemitus,
728 2404 890 2467 viventium
908 2403 1080 2488 desperatio.
1130 2405 1195 2468 Rex

98 2507 194 2591 igitur
216 2505 388 2589 Stephanus
408 2504 572 2568 combussit
593 2510 623 2569 et
654 2505 800 2568 destruxit
830 2505 972 2570 australes
993 2513 1092 2592 partes
1114 2509 1198 2593 regui

100 2609 181 2692 regis
195 2607 302 2672 David.

144 2709 219 2772 Post
235 2731 329 2794 panca
342 2731 411 2774 vcro
434 2711 543 2774 exarsit
564 2709 660 2774 rabies
682 2711 866 2795 proditorum
888 2713 1025 2778 nefanda.
1068 2711 1197 2783 Quidam

95 2833 226 2894 namque
248 2810 368 2874 nomine
388 2811 551 2875 Gaulridus
572 2812 697 2876 Telebot
719 2814 817 2877 tenuit
837 2814 990 2878 castellum
1014 2815 1196 2880 Herelordiae

99 2920 205 2978 contra
219 2934 316 2996 regem
326 2937 336 2990 3
359 2934 456 2976 comes
477 2913 626 2976 Robertus
650 2915 786 2978 Bristove
807 2923 836 2978 et
856 2917 951 2981 multa
971 2917 1028 2982 alia
1037 2947 1047 2998 3
1070 2921 1197 2983 Williel-

98 3036 168 3079 mus
181 3013 276 3076 anel
290 3013 357 3077 Ocri
365 3041 375 3092 3
400 3014 536 3099 Paganos
559 3014 641 3077 iilius
656 3015 802 3080 Johanuis
818 3018 975 3084 Ludelawe
984 3049 994 3099 3
1018 3023 1197 3086 Williclmus

99 3118 140 3182 de
171 3115 278 3178 Moiun
300 3115 470 3187 Dnnstorer
510 3115 658 3180 Robertus
679 3117 787 3181 Nicole
808 3119 905 3203 Corp3
937 3123 1095 3186 Eustasius
1117 3123 1198 3185 lilius

102 3218 254 3282 ‚Iohannis
268 3216 407 3280 Maltune
417 3245 427 3296 3
450 3216 628 3281 Willielmus
649 3219 732 3282 lilius
753 3221 844 3284 Alani
859 3223 1093 3306 Salopesburiae3
1119 3225 1198 3288 Wal-

99 3318 221 3384 kelinus
236 3319 406 3382 Mammoth
421 3320 581 3383 Doveram.
876 3331 879 3334 '

148 3422 302 3505 Occupato
317 3422 409 3504 igitur
431 3445 499 3507 rege
514 3424 590 3486 circa
610 3431 706 3508 partes
721 3426 865 3490 australes
880 3426 1001 3512 Angliaa
1018 3453 1069 3492 rex
1084 3431 1199 3494 Scotto-

97 3545 166 3588 rum
206 3522 452 3586 innumerabilem
480 3525 643 3588 exercitum
672 3528 821 3609 promovit
842 3529 875 3591 in
897 3530 1038 3614 Angliam
1050 3559 1059 3610 ;
1098 3542 1201 3596 contra

98 3647 189 3710 quem
212 3647 344 3709 proceres
367 3623 490 3689 borealis
513 3627 642 3711 Angliae,
665 3628 865 3693 admonitione
895 3639 925 3696 et
951 3634 1038 3718 jussu
1060 3637 1198 3700 Turstani

101 3726 297 3796 Eboracensis
313 3726 532 3813 archiepiscopi,
556 3730 729 3794 restiterunt
744 3732 866 3796 viriliter
880 3733 940 3798 lixo
956 3737 1123 3816 standard0,
1138 3740 1158 3801 i.
1174 3763 1200 3802 e.

101 3829 185 3913 regio
199 3827 320 3912 insigni,
343 3829 421 3912 apud
446 3829 620 3909 Alvertune,
644 3831 756 3895 circum
784 3835 863 3918 qnod
886 3859 958 3920 gens
980 3839 1150 3923 Anglorum
1172 3852 1203 3905 et

102 3930 350 3995 Normannorum
365 3930 439 3994 mira
454 3931 515 3994 acie
529 3933 705 4016 conglobata
720 3937 916 4018 persistebant
937 3939 1111 4005 immobiles·
1133 3943 1203 4007 Per-

103 4055 191 4100 cusso
213 4032 307 4116 igitur
335 4033 443 4118 sagitta
465 4057 580 4098 summo
607 4036 681 4099 duce
710 4037 920 4117 Loencnsium,
951 4045 1061 4107 corruit
1083 4046 1146 4128 ipsc
1175 4057 1205 4111 et

102 4145 168 4200 tota
191 4157 264 4218 gens
285 4157 387 4198 eorum
418 4137 448 4200 in
472 4137 576 4221 lugam
605 4161 744 4213 conversa
773 4150 825 4205 est.
890 4145 982 4218 Quod
1006 4147 1108 4211 videns
1132 4150 1205 4213 acies
