3042 5134
489 445 682 518 Onucurcou
705 453 753 518 11.
1132 455 1193 520 169

96 627 157 712 poli
180 630 247 712 jure
272 625 328 690 luri
349 625 522 690 demuuvit.
568 625 685 707 Scripta
697 623 873 687 authentica·
888 625 1020 689 omnium
1035 628 1194 706 enervavit,

81 726 285 794 'libertatibus
309 729 443 792 omnium
465 725 611 790 insidians
627 726 711 809 quasi
726 748 744 788 e
758 725 886 810 specula,
903 727 1055 790 solotenus
1069 731 1130 813 egit
1150 730 1196 793 in·

94 833 250 896 noxiorum
275 829 444 913 municipia.
504 827 594 891 Filias
623 827 736 891 miserae
766 827 954 905 conditionis,
984 836 1136 913 corruptas
1166 837 1196 893 et

94 959 258 1023 oppressas,
271 935 412 1020 copulans
421 932 598 1010 clarissimis,
612 931 741 995 haeredes
756 954 860 995 ornnes
876 933 1061 997 mechanicos
1074 935 1193 997 creavit.

96 1040 194 1103 Servis
218 1060 374 1122 generosas
399 1035 551 1120 copulans,
576 1034 716 1118 pedanem
739 1034 919 1097 conditionis
942 1034 1010 1098 iecit
1034 1037 1195 1100 universos.

97 1139 296 1204 Hereditates
349 1138 473 1201 retinuit
522 1145 575 1200 aut
623 1135 768 1212 vendidit,
813 1135 965 1198 fortunam
1004 1159 1120 1220 semper
1165 1138 1196 1200 in

95 1243 179 1305 exitu
217 1249 324 1325 praeter
362 1239 438 1302 duos
472 1260 566 1301 annos
606 1237 674 1300 vitae
714 1237 836 1300 ultimos
873 1236 1011 1300 blandam
1047 1249 1196 1322 expertus.

96 1342 174 1407 Exin
190 1350 277 1406 aucta
291 1341 319 1405 ei
330 1340 497 1417 insolentia,
511 1339 586 1402 nihil
595 1340 804 1402 intemeratum
816 1339 944 1422 reliquit,
956 1339 1032 1402 nihil
1050 1340 1198 1403 intactum

99 1443 251 1528 praeteriit,
267 1450 298 1506 et
310 1449 392 1506 totus
406 1441 440 1504 in
454 1463 536 1516 auro,
551 1462 656 1503 aurum
671 1440 827 1517 esuriebat,
843 1439 970 1521 sitiebat,
986 1441 1151 1514 anhelabat,
1168 1453 1198 1505 et

94 1552 274 1608 crescentem
289 1545 353 1608 auri
368 1543 520 1607 cumulum
537 1542 673 1606 uincebat
689 1543 818 1606 avaritia.
852 1542 1023 1606 Oratorinm
1037 1544 1196 1628 ingressus,

92 1648 218 1730 picturae
231 1655 283 1710 aut
306 1667 426 1710 susurro
451 1645 583 1708 vacabat
624 1644 721 1708 Horas
750 1645 900 1728 regulares
928 1646 1012 1728 quasi
1042 1648 1192 1710 aconitum

96 1746 239 1830 fugiebat.
274 1745 464 1830 Presbyteros
490 1746 627 1809 innoxios
658 1747 845 1830 compeditos
873 1745 978 1812 babuit
1001 1747 1031 1810 in
1060 1748 1197 1824 vinculis,

106 1849 220 1912 nullam
235 1849 455 1912 distinctionem
471 1847 584 1912 babens
599 1848 696 1911 clerici
718 1848 764 1911 vel
779 1850 892 1925 rustici,
908 1848 1024 1914 abbatis
1038 1850 1084 1913 vel
1099 1852 1198 1914 cerdo·

101 1952 159 2027 nis,
176 1951 313 2014 monachi
328 1950 375 2012 vel
391 1949 531 2034 pedacioe.
554 1950 592 2013 Iu
606 1952 701 2014 causis
715 1951 888 2015 differendis
902 1949 1158 2014 cavillantissimus
1167 1969 1201 2014 ut

99 2073 177 2132 saepe
187 2053 240 2136 jus
255 2051 407 2115 venderet.
451 2052 650 2136 Episcopatus
662 2062 800 2114 vacantes
815 2051 957 2114 electione
968 2052 1021 2115 diu
1035 2054 1199 2138 suspendit,

100 2161 137 2217 ut
149 2154 187 2218 iia
202 2153 317 2217 diutius
329 2152 510 2231 abuteretur,
525 2162 556 2216 et
567 2176 662 2238 quum
678 2155 759 2237 prius
771 2153 897 2217 debeant
911 2153 1007 2218 clerici
1022 2162 1052 2218 et
1064 2157 1202 2220 monachi

101 2257 132 2319 in
150 2255 303 2341 episcopos
316 2266 348 2321 et
357 2255 480 2320 abbates
488 2257 629 2320 canonice
640 2257 709 2340 eligi
725 2279 813 2340 quam
830 2258 992 2320 consecrari
1007 2257 1053 2320 vel
1068 2256 1201 2321 benedici

102 2358 192 2423 bodie
206 2359 289 2442 prius
303 2360 335 2422 in
352 2359 463 2442 Anglia
476 2368 686 2424 consecrantur
709 2371 740 2422 et
755 2359 980 2424 benedicuntur.
1035 2360 1199 2444 Nunquam

98 2461 176 2524 enim
203 2459 356 2544 eliguntur
377 2460 429 2524 sed
447 2483 464 2524 a
479 2461 561 2526 laicis
575 2461 781 2532 intruduntur,
841 2462 925 2525 Inter
939 2461 1081 2545 eligentes
1097 2484 1198 2526 serens

100 2562 269 2634 discordias,
294 2563 375 2646 quod
397 2563 425 2626 ei
440 2571 471 2626 et
484 2564 562 2627 inter
577 2563 657 2627 filios
680 2564 951 2641 consuetissimum,
976 2573 1011 2627 ut
1037 2564 1197 2628 lectionem

98 2665 247 2749 propriam
263 2665 359 2728 aliena
372 2665 557 2749 malignitate
571 2665 745 2730 obnuberet.
803 2667 844 2730 nt
861 2667 923 2729 haee
938 2667 965 2729 ei
981 2689 1068 2730 eausa
1091 2667 1197 2756 excidii

100 2773 251 2850 perpetua.

159 3180 326 3264 Hucusque
340 3183 484 3266 protraxit
499 3183 577 3247 banc
597 3183 766 3248 chronicam
781 3185 921 3268 magister
932 3185 1078 3250 Radulfus
1092 3185 1199 3270 Niger,

99 3282 152 3366 qni
167 3289 319 3346 accusatus
334 3285 412 3367 apud
426 3284 601 3367 praedictum
618 3286 780 3369 principem
797 3294 827 3350 et
842 3287 874 3350 in
889 3287 1011 3350 exilium
1027 3287 1141 3371 pulsus,
1159 3288 1198 3350 ob

100 3383 284 3466 expulsionis
292 3385 430 3469 injuriam
439 3387 584 3450 atrociora
595 3410 684 3470 qnam
698 3389 798 3453 decuit
808 3389 844 3452 de
852 3396 937 3452 tanto
953 3411 985 3452 ac
1001 3396 1060 3452 tam
1077 3391 1199 3453 serenis·
1308 3403 1311 3408 “

102 3487 180 3550 simo
194 3508 264 3569 rege
287 3487 414 3551 mordaci
430 3490 507 3573 stylo
523 3491 649 3574 scripsit,
667 3491 839 3574 magnificos
855 3492 917 3575 ejus
933 3500 1016 3554 actus
1032 3491 1140 3574 quibus
1155 3493 1200 3556 in-

101 3587 196 3670 signis
211 3588 315 3670 utique
329 3588 495 3654 habebatur
508 3592 670 3668 reticendo,
695 3600 784 3675 atque
799 3615 889 3677 prava
903 3593 968 3677 ejus
984 3615 1072 3676 opera
1088 3595 1200 3677 absque

101 3688 228 3771 alicujus
243 3691 441 3754 excusationis
455 3691 625 3775 palliatione
641 3693 820 3777 replicando,
837 3716 929 3777 quum
949 3694 1087 3777 pleraque
1102 3694 1139 3756 de
1156 3696 1200 3758 his

103 3811 170 3873 qnae
195 3793 434 3854 commemoravit
447 3793 480 3855 in
506 3793 640 3877 pluribus
655 3796 787 3859 articulis
798 3793 1015 3879 'aliquantulam
1042 3795 1201 3860 admittant

104 3892 333 3968 excusationem,
350 3895 376 3956 si
391 3901 543 3977 gaiorum
568 3897 631 3980 ejus
646 3898 773 3960 intentio
786 3899 869 3982 justo
884 3895 1039 3960 libramine
1055 3896 1200 3980 pondere·

105 3994 206 4071 tur,'si
221 3996 309 4078 regiae
325 3997 478 4079 potestatis
494 3997 609 4061 lubrica
628 3999 748 4063 libertas
756 4007 910 4083 'pensatum
924 4021 989 4082 quae
1004 3997 1064 4060 lere
1086 4001 1201 4062 cunctis

106 4095 279 4180 potentibus
305 4097 356 4160 dat
377 4099 465 4162 licere
486 4100 565 4182 quod
578 4099 803 4246 Ιίὺεέὲῳιοηιω
820 4098 900 4164 vitiis
915 4101 1015 4163 lavent
1040 4098 1200 4182 inferiores,
