3042 5134
294 431 355 498 186
716 430 859 496 Rarumu
882 425 984 496 Nrunr

292 602 398 667 alteros
425 601 577 681 declinare,
602 603 767 669 cedendum
781 608 910 690 tempori
933 613 1024 683 ratus,
1041 606 1211 690 compositis
1238 602 1394 669 ordinibus

294 700 500 768 discessionem
514 704 637 789 paravit,
653 706 684 769 in
705 707 801 791 primo
824 709 942 792 agmine
965 729 1094 772 sororem
1115 707 1301 792 praemittens
1323 729 1394 770 cum

292 804 412 889 reliquis
447 806 511 890 ipse
545 829 612 872 cnm
648 809 750 893 paucis
787 811 838 893 qni
873 809 1014 874 auderent
1045 830 1112 874 cnm
1135 811 1242 874 animis
1282 809 1395 872 multos

295 928 357 969 uon
391 908 503 986 timere,
537 908 618 973 lente
650 909 849 994 progreditur.
901 911 1089 996 Quapropter
1126 909 1285 974 comitibus
1323 933 1393 973 con-

293 1007 394 1072 festim
418 1011 594 1095 insequutis,
619 1011 689 1076 dnm
707 1019 737 1076 et
751 1014 815 1098 ipse
829 1014 933 1098 lugere
955 1015 1061 1098 pudori
1082 1022 1111 1078 et
1123 1015 1195 1078 citra
1217 1013 1396 1096 dignitatem
1445 999 1447 1002 ⁵
1512 1005 1513 1008 ¹

292 1111 422 1186 estimat,
441 1112 522 1176 solus
537 1113 574 1177 ab
597 1114 736 1178 omnibus
758 1114 917 1198 impetitur
937 1123 966 1179 et
991 1123 1096 1200 captus
1117 1123 1170 1179 cst.
1191 1115 1299 1180 Caeteri
1326 1137 1394 1178 cum

296 1235 415 1276 summa
429 1212 617 1279 festinatione
631 1215 751 1279 Divisas
769 1222 980 1300 pervenerunt.

335 1350 499 1415 Nonnullis
514 1351 664 1417 miraculis
682 1341 850 1437 exemplum
865 1360 894 1418 et
910 1355 1070 1419 multorum
1087 1354 1207 1419 materia
1221 1374 1394 1418 sermonum

293 1452 352 1518 luit
365 1454 398 1519 in
415 1454 538 1538 Anglia,
551 1455 631 1539 quod
646 1478 699 1519 rex
713 1457 862 1520 dominica
876 1457 907 1520 in
920 1457 1058 1522 Dominae
1067 1467 1176 1522 nostrae
1188 1457 1397 1542 purificatione
1512 1541 1513 1544 Ἴ

292 1559 336 1624 ita
344 1582 442 1625 eomes
453 1561 599 1625 dominica
611 1563 641 1625 iu
656 1561 788 1625 mirilicae
803 1563 899 1625 crucis
913 1562 1089 1626 exaltatione
1106 1585 1196 1626 unam
1212 1560 1397 1642 eandemque
1512 1603 1513 1652 l

298 1667 408 1724 sortem
424 1663 537 1747 experti
552 1670 631 1727 sunt.
647 1663 689 1726 Et
705 1663 741 1727 ad
754 1663 894 1727 ultimum
913 1686 947 1727 eo
968 1664 1057 1727 modo
1074 1686 1122 1727 res
1141 1663 1283 1726 ventilata
1301 1668 1347 1724 est
1363 1667 1397 1722 nt

292 1763 386 1845 oequis
395 1763 617 1828 conditionibus
627 1786 679 1828 rex
693 1771 723 1827 et
733 1765 798 1848 ipse
809 1764 1030 1828 absolverentur
1041 1765 1123 1829 nullo
1133 1771 1218 1848 pacto
1228 1765 1286 1828 alio
1301 1763 1398 1825 intro.
1512 1789 1513 1846 3

291 1862 428 1927 veniente
441 1864 499 1928 nisi
521 1865 694 1949 utquisque
720 1872 818 1949 partes
833 1889 900 1930 snas
914 1889 970 1951 pro
997 1889 1082 1951 posse
1108 1868 1186 1930 sicut
1202 1873 1232 1930 et
1252 1865 1391 1948 superius

292 1967 449 2031 tutaretur.

336 2136 427 2200 Anno
442 2135 531 2200 Dour.
547 2135 758 2200 iucarnationis
774 2135 941 2200 MCXHII
956 2136 1060 2201 habuit
1075 2137 1231 2201 consilium
1245 2160 1314 2202 cum
1326 2139 1389 2201 suis
1512 2209 1513 2212 Ἴ

293 2237 464 2322 imperatrix
486 2238 624 2321 quoniam
652 2237 764 2301 scilicet
778 2260 832 2322 pro
857 2239 964 2302 comite
989 2239 1201 2324 Andegaveusi
1228 2229 1398 2303 mitteretur

294 2339 345 2422 qui
366 2340 501 2424 conjugis
516 2345 546 2403 et
567 2338 696 2403 filiorum
713 2341 745 2402 in
767 2340 880 2424 Anglia
900 2340 1101 2404 haereditatem
1121 2341 1187 2425 jure
1216 2341 1395 2406 defensitare
1512 2325 1513 2356 ³

293 2441 422 2509 deberet.
466 2441 555 2506 Missi
568 2447 639 2505 sunt
653 2464 723 2526 ergo
738 2441 912 2525 spectabiles
927 2441 981 2505 viri
998 2441 1106 2525 quibus
1121 2465 1217 2505 comes
1233 2443 1330 2506 multa
1338 2445 1393 2506 im-

292 2544 459 2628 pedimenta
469 2543 587 2629 objecit,
597 2544 674 2607 inter
686 2565 751 2626 qnae
765 2543 842 2626 quod
859 2541 1017 2606 rebellione
1029 2543 1189 2606 multorum
1202 2543 1394 2606 castellorum

292 2648 325 2710 in
347 2646 533 2712 Normannia
557 2646 746 2709 detineretur.
763 2645 909 2708 Caeterum
925 2644 1020 2708 solum
1037 2645 1173 2708 comitem
1197 2645 1390 2709 Gloecestriae

293 2747 459 2812 Robertum
470 2771 508 2812 ex
521 2746 659 2813 omuibus
675 2768 893 2830 recognoscere,
910 2748 1034 2831 ejusque
1044 2747 1233 2832 prudentiam
1249 2746 1393 2824 etiidcm,

293 2850 564 2934 magnanimitatem
578 2855 609 2912 et
622 2849 797 2912 industrium
813 2849 967 2933 probatam
977 2851 1041 2932 jam
1056 2849 1127 2911 olim
1143 2847 1289 2912 habuisse.
1320 2851 1353 2913 ls
1369 2850 1395 2914 si

293 2950 332 3016 ad
346 2973 413 3016 eum
428 2952 552 3016 transito
576 2951 649 3014 mari
673 2949 812 3014 adveniat
837 2949 985 3014 voluntati
1011 2951 1073 3035 ejus
1100 2973 1131 3014 se
1145 2973 1200 3034 pro
1223 2973 1312 3034 posse
1332 2973 1394 3014 uon

299 3052 490 3132 defuturum,
512 3051 643 3137 alioquin
668 3065 789 3116 caeteros
813 3053 845 3115 in
862 3052 959 3116 eundo
976 3060 1005 3115 et
1020 3052 1172 3116 redeundo
1187 3051 1298 3116 frustra
1310 3051 1392 3116 labo-

292 3177 353 3222 rem
369 3163 606 3240 consumptnros.
630 3154 744 3218 Nuncii
758 3176 796 3216 ex
812 3153 982 3236 Andagavis
996 3153 1153 3216 redeuntes
1167 3154 1348 3237 imperatrici
1363 3171 1393 3218 et

293 3256 475 3344 principibus
484 3256 586 3321 audita
595 3267 755 3340 reportant.
768 3255 817 3318 Ita
829 3255 961 3318 omnium
971 3254 1155 3340 audientium
1168 3253 1278 3338 spebus
1288 3257 1394 3319 erectis

294 3358 331 3422 ad
346 3360 482 3422 comitem
498 3381 598 3442 preces
613 3380 703 3420 versae
718 3364 755 3420 ut
769 3357 850 3420 hunc
864 3355 992 3420 laborem
1013 3379 1065 3440 pro
1081 3358 1188 3420 sororis
1203 3364 1232 3420 et
1249 3365 1393 3442 nepotum

293 3460 464 3525 haereditate
493 3459 672 3544 dignaretur.
730 3459 845 3522 Favens
874 3458 993 3521 tandem
1022 3459 1092 3522 licet
1119 3459 1230 3522 invitus
1260 3461 1395 3523 omnium

293 3562 427 3626 unanimi
460 3560 615 3635 voluntati,
640 3559 756 3623 obsides
780 3559 915 3644 poposcit
939 3558 1111 3642 singillatim
1135 3559 1172 3622 ab
1197 3560 1392 3642 optimatibus

292 3684 394 3727 secum
415 3661 447 3725 in
475 3660 686 3725 Normanniam
711 3659 872 3736 ducendos,
897 3659 1044 3743 vadesque
1068 3659 1185 3722 futuros
1205 3670 1266 3723 tam
1292 3664 1393 3726 comiti

292 3765 501 3851 andegavensi
535 3786 622 3848 quam
645 3762 830 3847 imperatrici,
854 3761 934 3846 qnod
956 3784 1057 3824 omnes
1076 3763 1188 3846 junctis
1209 3761 1393 3828 umbonibus

292 3869 330 3932 ab
345 3891 388 3947 ea,
404 3868 476 3934 (lum
493 3869 557 3953 ipse
577 3866 699 3942 abesset,
715 3864 836 3949 injurias
858 3863 1076 3948 propulsarent,
1099 3863 1212 3927 vicibus
1235 3865 1296 3927 suis
1313 3867 1392 3950 apud

293 3971 440 4035 Oxoniam
456 3977 615 4034 manentes.
659 3966 861 4031 declamatum
884 3972 929 4028 est
951 3965 1105 4028 sententiae
1129 3964 1249 4048 datique
1272 3965 1390 4029 obsides

293 4071 324 4135 in
339 4070 555 4136 Normanniam
572 4068 708 4134 ducendi.
