3042 5134
300 474 343 537 62
705 471 851 537 Rannnrr
874 470 978 537 Nicer

292 642 484 721 Benedictus,
507 648 538 705 et
551 641 580 707 ei
593 640 756 720 Johannes,
778 641 853 707 etei
869 640 986 722 Conon,
1001 648 1032 707 at
1046 642 1073 707 ei
1085 642 1220 727 Sergius.
1274 642 1395 711 n‘loruit

292 770 329 812 eo
350 752 483 831 tempore
505 743 609 811 beatus
634 742 828 823 cuthbertus,
848 746 862 828 ΙΙ
887 744 974 829 cujus
1003 766 1110 830 corpus
1131 751 1200 831 post
1225 745 1276 810 XI
1298 764 1396 813 annos

291 848 444 926 effossum,
457 838 745 931 omnino'integrum
759 846 917 915 inventum
931 854 985 927 est,
1007 847 1180 933 incorrupta
1193 856 1275 915 veste
1290 851 1395 934 etism,

293 974 354 1037 qua
361 949 603 1015 circumdaretur.

335 1053 534 1119 Constantino
555 1052 723 1118 orthodoxo
743 1058 872 1131 mortuo,
895 1052 1040 1118 successit
1054 1052 1082 1118 ei
1096 1052 1288 1123 Justinianus
1309 1056 1394 1123 tilius

291 1157 366 1242 ejus·
411 1156 475 1221 Iste
485 1155 614 1241 juvenis,
637 1154 725 1219 etium
738 1154 864 1239 juvenili
886 1154 1010 1219 oonsilio
1027 1177 1109 1235 usus,
1131 1157 1304 1222 concordias
1319 1180 1395 1243 quas

291 1266 375 1345 pater
387 1259 565 1336 firmaverat,
587 1258 680 1343 rupit,
696 1265 727 1321 et
740 1256 961 1323 Mardsrtarum
983 1259 1156 1337 exercitum,
1172 1260 1225 1345 qui
1240 1282 1292 1345 per
1313 1278 1396 1326 mare

290 1362 325 1428 iu
338 1359 830 1447 navibusimperiumdefenderant
840 1360 877 1425 ab
886 1360 1101 1445 irruptionibus
1116 1362 1257 1439 hostium,
1272 1365 1395 1448 penitus

291 1466 428 1543 removit.
471 1463 562 1529 Unde
582 1472 614 1528 et
634 1462 793 1547 imperium
816 1462 913 1527 aruba
926 1463 1053 1555 incurrit
1067 1462 1265 1529 incommoda.
1310 1465 1397 1531 Facit

293 1590 412 1655 quoque
427 1568 622 1652 Stephanum,
644 1566 765 1631 Persam
788 1566 1038 1644 crudelissimum,
1053 1566 1237 1631 sacellarium
1253 1568 1329 1654 ejus,
1345 1568 1399 1653 qui

292 1673 384 1737 etiam
404 1672 477 1736 loris
498 1673 669 1755 Angustam
691 1668 804 1735 eoedere
818 1691 908 1735 ausus
930 1675 985 1734 est.
1017 1669 1107 1734 Unde
1127 1670 1257 1735 Leontio
1273 1673 1399 1757 patricio

293 1774 473 1840 connivente
487 1782 518 1837 et
533 1772 650 1839 Gallico
663 1772 832 1857 patriarcha
854 1772 1022 1852 insurrexit,
1038 1760 1069 1839 et
1083 1772 1105 1837 J
1106 1773 1301 1853 ostimentum,
1324 1796 1399 1841 naso

291 1878 426 1964 praeciso,
441 1875 587 1961 relegavit
600 1876 700 1941 exilio.
1074 1948 1076 1951 ,

336 1981 385 2045 Eo
398 1985 532 2064 tempore
546 1978 730 2059 Abimelech,
739 1979 878 2065 princeps
887 1977 1033 2058 Arabum,
1045 1978 1197 2045 Persidem
1212 1986 1243 2045 et
1257 1980 1399 2067 Mesopo-

292 2083 417 2149 tamiam
445 2080 503 2148 sibi
517 2081 701 2168 subjugarit,
716 2088 747 2149 et
761 2081 944 2147 Francorum
970 2102 1095 2165 regnum
1112 2082 1274 2167 plurimum
1291 2083 1401 2149 deiecit

293 2208 330 2253 eo
358 2184 441 2271 quod
460 2184 592 2259 subiciet
608 2184 731 2271 palatini
744 2186 863 2269 ernest
879 2184 979 2249 omnia
999 2183 1208 2270 gubernarent.
1253 2186 1408 2253 Dehrnoto

292 2291 374 2357 enim
387 2290 555 2369 Clodovmo,
576 2290 640 2360 filio
662 2289 837 2373 Dngoherti,
854 2312 946 2377 quum
966 2296 1117 2375 regnasset
1137 2290 1198 2355 XV
1220 2314 1326 2372 annos,
1341 2298 1402 2357 tres

292 2394 382 2474 filios,
398 2417 435 2461 ex
449 2393 579 2459 Baltildu
596 2393 700 2478 ragina
714 2392 841 2478 genitos,
857 2391 988 2457 haeredes
1010 2392 1129 2477 reliquit
1136 2419 1146 2473 3
1164 2392 1350 2459 (hlotharium
1370 2400 1404 2460 et

292 2496 510 2561 Theodericum
532 2505 562 2561 ct
582 2494 816 2561 Ohildebartum.
860 2494 1029 2560 (hlotharius
1061 2518 1140 2575 vero,
1162 2496 1293 2561 secundo
1316 2504 1405 2583 regui

293 2600 341 2673 sui
355 2622 434 2665 anno
448 2604 606 2683 exemptus
622 2597 780 2677 demedio,
796 2596 884 2663 ceant
902 2598 1096 2678 Theododco,
1112 2620 1200 2683 quem
1215 2606 1285 2684 post
1306 2600 1403 2665 modi·

293 2725 362 2769 eum
373 2708 494 2787 propter
507 2701 695 2767 insolentiam
707 2701 816 2766 Franci
824 2700 997 2786 propellunt
1011 2702 1049 2765 de
1062 2722 1166 2786 regno,
1182 2709 1213 2765 et
1225 2702 1399 2781 Ebrionam,

293 2806 509 2891 nequissimum
530 2812 754 2891 procuratorem
767 2805 840 2889 ejnr,
855 2803 935 2889 apud
950 2803 1115 2869 Lanuvium
1138 2805 1267 2869 trudunt
1282 2827 1401 2869 monas-

293 2907 567 2986 terio,'substituto
591 2908 624 2973 in
646 2930 740 2993 regno
765 2906 965 2971 Childebertc.
1011 2908 1057 2971 Eo
1071 2930 1141 2973 vero
1164 2914 1232 2994 post
1251 2908 1405 2973 modicum

293 3009 462 3089 interiecto,
477 3010 629 3076 Ebronius
643 3011 756 3101 *prius
772 3008 877 3095 pulsus
897 3008 934 3075 ah
955 3009 1032 3089 auda,
1055 3018 1192 3075 revocato
1206 3010 1403 3090 Theoderico,

295 3113 388 3178 exivit
401 3136 419 3179 e
433 3114 622 3192 monasterio,
637 3121 668 3178 et
687 3113 785 3177 multa
799 3112 877 3177 mala
890 3112 972 3178 iecit.
1017 3111 1103 3178 Inter
1118 3136 1186 3199 quae
1208 3114 1320 3178 occidit
1333 3113 1404 3178 bee-

294 3223 361 3282 tum
383 3216 611 3303 Leodegarium,
640 3216 811 3281 Edvcnsem
825 3248 829 3251 ·
843 3214 1026 3301 episcopum,
1060 3215 1177 3281 effossis
1207 3216 1302 3281 oeulis
1337 3217 1403 3303 ejus

294 3318 425 3384 terebro.

339 3422 386 3486 Eo
400 3420 691 3506 temporeOedvalla,
702 3425 784 3494 †rex
800 3420 970 3509 Britonum,
980 3420 1084 3486 relicto
1095 3444 1189 3505 regno
1200 3440 1265 3502 suo,
1276 3422 1406 3487 Romam

343 3597 356 3658 fl
377 3593 488 3645 Barros
503 3594 701 3664 Cornnennoo]
717 3594 768 3647 For
780 3593 825 3647 tho
838 3594 997 3647 miraculous
1014 3611 1201 3664 appearances,
1213 3601 1241 3647 at
1257 3594 1302 3647 the
1320 3602 1407 3659 trena-

294 3679 378 3733 lation
396 3678 428 3732 ot
435 3663 481 3733 {he
494 3678 566 3750 body
578 3680 608 3733 of
617 3680 670 3733 this
682 3679 803 3733 eminent
814 3680 897 3745 Ssint,
914 3679 1020 3733 consult
1036 3678 1155 3755 Willism
1175 3680 1206 3733 of
1220 3679 1407 3751 Malmesbury

296 3766 340 3819 De
354 3766 437 3819 Gerr.
449 3765 562 3821 Ponrrr.
573 3765 621 3819 lib.
634 3765 687 3830 111,
701 3766 751 3819 sub
764 3764 855 3817 finem.

331 3856 344 3915 t
359 3852 495 3905 Penanrnr
506 3852 604 3921 cunm]
618 3852 663 3906 the
677 3851 829 3917 court-dies,
842 3851 887 3904 the
898 3850 1061 3921 hengoreon
1076 3860 1103 3903 et
1114 3852 1205 3905 Court.

329 3940 346 3971 ⁸
361 3938 514 4009 Ennomus]
525 3957 563 4003 or,
575 3939 693 4003 Euroia,
707 3938 806 3991 Harae
820 3954 854 3989 nn
870 3936 969 3989 Panare
986 3936 1015 3989 in
1027 3936 1161 4003 Neustrie,
1174 3956 1229 3991 was
1239 3936 1409 3993 banishedin

294 4028 356 4088 669,
368 4023 487 4079 restored
499 4025 527 4075 in
541 4025 609 4089 6793
623 4022 678 4076 and
691 4020 870 4077 mninsted
881 4021 909 4075 in
922 4026 983 4075 681.
1050 4042 1066 4059 ·

333 4110 534 4179 tcrovanne]
560 4128 590 4165 or
604 4109 746 4164 Ceedvall.
784 4108 828 4164 He
840 4126 894 4163 ves
909 4108 985 4180 King
997 4109 1029 4163 of
1037 4110 1158 4165 Weaeex.
1198 4111 1265 4165 Like
1290 4112 1348 4177 Ina,
1368 4111 1412 4165 hin
