3042 5134
326 515 367 576 as
737 505 886 568 Itanum
907 501 1011 566 Naum

321 681 428 746 Vicum
441 680 549 744 dimus.
592 675 688 760 Cujus
703 678 831 758 papatus
845 670 955 736 deiecit
968 671 1001 735 iu
1016 674 1124 755 quarto
1139 689 1326 746 successore,
1339 669 1427 755 refor-

322 767 403 850 mata
415 804 488 868 pace
500 781 579 845 inter
591 777 747 862 imperium
763 781 795 839 et
806 772 1015 850 sacerdotium,
1032 771 1177 839 Venetiis.
1226 771 1426 838 Reversusub

322 884 535 969 Hierosolymis
549 881 729 958 lodovicus,
743 877 815 962 quia
831 875 935 962 regina
959 875 1085 941 Alienon
1108 874 1341 940 contristaverat
1357 897 1423 940 mm

317 991 350 1056 in
364 985 598 1075 peregrinatione
612 1005 666 1048 sua
676 981 816 1046 simulata
829 981 911 1065 fuga,
927 978 1049 1043 divertit
1062 977 1100 1043 ub
1115 999 1159 1056 ea,
1171 979 1275 1063 jurata
1302 985 1422 1067 purent-

321 1092 377 1170 cla,
392 1094 408 1174 ΙΙ
423 1099 455 1154 et
468 1088 601 1153 traduxit
615 1084 756 1172 Alesiam,
775 1082 869 1146 lilium
884 1080 1030 1146 Ildeionsi
1044 1079 1230 1165 impemtoris
1255 1079 1424 1165 Hispania.

314 1179 384 1263 Hic
393 1192 474 1259 enim
498 1189 681 1266 Ildcionsus‚
704 1194 774 1252 ante
789 1191 913 1249 mortem
937 1205 1031 1262 suem,
1056 1182 1127 1268 quiu
1153 1189 1255 1248 tenere
1286 1182 1427 1268 diligeret

321 1296 397 1362 duos
409 1294 490 1359 lilios
505 1313 587 1370 suro,
602 1289 703 1355 divisit
716 1289 760 1352 eis
781 1287 950 1372 imperium,
976 1292 1007 1350 et
1031 1284 1140 1349 &noio
1162 1285 1269 1370 majori
1298 1285 1427 1350 tradidit

321 1396 460 1466 &stellas
472 1401 503 1460 et
521 1393 635 1458 l'olctu
656 1411 794 1475 regnum,
823 1387 1101 1454 Femaudomiuori
1117 1386 1251 1452 Galliciue
1275 1409 1428 1472 regnum

327 1508 360 1571 ct
380 1499 490 1567 Alanus
503 1495 665 1582 assignavit
676 1493 880 1558 infantaticum
895 1493 1063 1578 portionem
1078 1503 1174 1570 terrae,
1190 1514 1258 1576 quse
1279 1493 1362 1557 solet
1372 1514 1435 1568 esse

323 1603 555 1689 imperatricum.
610 1599 658 1664 De
672 1596 774 1662 Alesia
796 1594 967 1660 bodonicus
992 1594 1068 1660 dnus
1091 1594 1170 1660 lilius
1195 1593 1316 1675 hebuit,
1344 1595 1428 1674 Mur-

324 1711 456 1793 garctum
465 1709 497 1767 ct
510 1701 651 1767 Alesiam

304 1873 307 1878 ,
369 1799 577 1884 Henmcoreffl
601 1796 721 1882 Anglioe
743 1795 886 1860 successit
911 1793 1091 1878 Stephanus,
1118 1815 1212 1878 nepos
1239 1794 1318 1879 ejus,
1346 1795 1434 1866 miles

324 1908 474 1981 muns,
488 1900 541 1966 sed
555 1900 655 1965 miuus
668 1900 747 1984 pius,
763 1912 862 1962 comes
878 1896 1010 1962 Bolomre
1024 1917 1113 1982 super
1126 1917 1216 1962 mure.
1272 1897 1436 1968 Insurrex·

327 2002 546 2072 cruntveroin
559 2023 629 2067 eum
651 1999 823 2066 Gamedus
846 2021 945 2063 comes
967 1997 1151 2082 Andeguvire
1174 2019 1244 2062 cum
1266 2020 1367 2062 uxore
1382 2021 1436 2064 sua
1507 2049 1508 2052 ,

305 2173 309 2186 ι
329 2103 466 2185 Matdde,
480 2103 631 2189 quondum
648 2100 844 2186 imperatrice,
870 2106 901 2163 ct
914 2099 1133 2164 contenderunt
1159 2099 1196 2163 de
1221 2121 1319 2184 regno
1333 2099 1435 2164 XVII

330 2210 436 2288 amris3
463 2208 585 2272 demum
617 2225 688 2270 varo
701 2204 781 2268 lacto
809 2223 891 2287 pace,
907 2201 1048 2286 adoptato
1071 2201 1204 2266 Henrico
1217 2200 1436 2266 frlioMutildis
1507 2231 1508 2250 1

325 2330 508 2389 'snocoesore
523 2308 576 2393 qui
599 2328 636 2372 co
650 2312 769 2371 mortuo
791 2303 942 2381 successit,
955 2311 986 2368 et
999 2303 1136 2368 traduxit
1161 2325 1285 2368 uxorem
1300 2305 1440 2384 Alianor,
1507 2335 1508 2374 r

330 2408 464 2476 relictam
478 2408 621 2474 lodovici
634 2407 713 2491 regis
726 2405 869 2470 lhauciae
926 2404 1044 2469 Habuit
1069 2405 1161 2489 igitur
1184 2427 1221 2469 ex
1246 2427 1281 2470 eu
1309 2414 1440 2491 quatuor

330 2511 411 2577 filios
424 2519 457 2577 ct
469 2518 531 2576 tres
542 2510 641 2588 iilius3
666 2507 843 2584 Rusticum,
858 2529 948 2590 quem
973 2507 1043 2571 fecit
1068 2529 1168 2588 regem
1182 2507 1315 2591 Angliae,
1341 2509 1440 2573 virum

332 2612 578 2699 gratiosissimum
603 2633 659 2674 suo
685 2616 829 2693 tempore,
856 2617 887 2673 et
899 2608 1061 2674 Ricardum
1084 2610 1221 2674 comitem
1236 2609 1397 2689 Pictaviae,
1411 2618 1441 2675 et

332 2712 510 2780 Gauiridum
534 2711 674 2775 comitem
695 2711 872 2788 Britannia,
899 2717 930 2776 et
953 2710 1133 2786 Johunnem,
1161 2733 1249 2795 quem
1271 2711 1439 2777 destinavit

331 2815 427 2880 fucere
440 2834 541 2899 regem
557 2812 722 2890 Hiberniae,
736 2835 827 2897 quam
851 2813 881 2876 vi
894 2813 1004 2878 tulerat
1023 2836 1041 2878 a
1055 2813 1183 2897 quodam
1197 2813 1280 2878 fideli
1295 2833 1355 2878 suo
1373 2816 1442 2880 llic

330 2915 527 2982 ardocomite
556 2915 595 2980 dc
626 2916 777 3002 Strigueil,
804 2915 944 3000 quicum
967 2915 1100 3000 legitime
1131 2916 1221 2980 armis
1246 2917 1439 3000 acquisierat,

334 3025 366 3084 ct
393 3040 432 3083 ex
468 3018 654 3083 successione
685 3019 786 3082 uxoris
816 3039 888 3106 sure.
931 3016 995 3080 Iste
1029 3015 1183 3080 Henricus
1217 3017 1351 3083 infestus
1383 3020 1442 3084 init

334 3119 477 3187 Ecclesia
504 3120 636 3185 inductis
676 3120 761 3184 novis
786 3118 885 3204 pravis
921 3118 1200 3197 consuetudinibus,
1227 3132 1258 3183 et
1285 3122 1443 3187 veteribus

340 3224 530 3311 exasperatis.
601 3221 722 3294 Quibus
761 3220 973 3286 confirmandis
1009 3243 1103 3305 quum
1145 3222 1295 3286 resisteret
1334 3224 1444 3289 beatus

336 3327 466 3392 ihomas
479 3325 715 3408 archiepiscopus
728 3322 903 3399 Cuutuurioe,
924 3322 1065 3386 inductus
1080 3330 1125 3388 eat
1139 3323 1236 3408 primo
1250 3327 1427 3390 consentire
1433 3352 1444 3406 ;
1506 3331 1507 3338 ’

339 3428 394 3494 sed
408 3428 496 3492 satim
527 3433 593 3490 acta
620 3425 729 3509 praevia
750 3424 889 3509 apposuit
904 3425 1114 3490 contradicere.
1149 3425 1241 3489 Unde
1255 3448 1328 3490 cum
1343 3451 1445 3492 neces-
1506 3415 1507 3418 Ἴ

340 3530 426 3596 uariis
440 3536 472 3594 et
484 3526 681 3593 familiaribus
695 3528 757 3592 suis
781 3535 902 3592 coactus
927 3545 972 3592 est
988 3527 1107 3592 excluse
1132 3528 1163 3592 iu
1190 3528 1362 3603 Franciam,
1393 3531 1445 3596 ubi
1506 3547 1507 3628 ,

343 3815 419 3851 unce.
457 3796 510 3850 For
521 3796 664 3865 Brompton
678 3797 723 3848 the
736 3794 891 3848 Chronicler
904 3812 972 3864 urcy,
986 3794 1031 3848 the
1044 3813 1166 3865 emperor
1185 3795 1249 3865 puid
1262 3795 1320 3848 him
1333 3771 1373 3850 all
1383 3797 1449 3851 hou·

343 3900 392 3938 carr
410 3882 464 3936 aud
482 3881 636 3945 obedience,
652 3881 706 3935 und
718 3880 820 3951 merely
833 3880 896 3934 held
909 3879 954 3934 the
968 3880 1063 3951 Pcpe's
1075 3881 1142 3933 staff
1159 3899 1189 3936 us
1200 3880 1235 3932 he
1256 3883 1390 3936 mounted
1410 3884 1449 3935 his
1506 3897 1507 3944 l

346 3968 460 4041 poesy.

383 4075 514 4140 illusura
528 4071 702 4142 rarescens]
716 4088 750 4123 on
764 4070 809 4124 the
822 4071 884 4141 plea
903 4070 934 4124 os
952 4069 1167 4139 consanguinity,
1212 4067 1337 4124 Mezeral
1347 4071 1411 4126 tells
1421 4089 1451 4126 us

342 4162 402 4218 that
412 4161 458 4220 the
470 4160 600 4230 manage
613 4175 666 4212 raa
678 4155 806 4212 annulled
817 4157 855 4228 by
866 4173 883 4210 u
894 4156 999 4210 coancil
1011 4155 1075 4209 held
1086 4163 1115 4208 at
1127 4155 1281 4226 Bangency.
