3042 5134
310 463 372 527 ret
742 417 891 520 itanum
913 453 1016 520 Nroat

315 639 417 705 ventu,
433 629 485 693 sed
500 645 662 712 paucorum
678 623 809 708 planctu.
856 623 946 686 Auno
962 643 1031 686 varo
1043 629 1160 706 postero
1173 623 1264 686 turris
1279 617 1334 686 illa
1348 621 1421 684 ruit·

316 733 401 797 Obiit
423 739 521 795 autam
545 749 625 792 auno
653 726 866 792 iucarnationis
896 725 1062 788 Dominicaa
1093 724 1163 802 MC,
1188 725 1274 807 regui
1302 722 1422 796 XIIIo,

317 843 404 899 aetate
426 833 518 915 major
540 829 781 915 quadragenario.
806 813 947 910 lugentia
968 845 1159 911 presumens,
1176 827 1283 890 sacrati
1305 825 1421 889 ordinis

318 934 489 1000 bominibus
509 931 703 1006 miserandus,
728 929 928 1012 stipendiariis
950 929 1095 991 militibus
1117 929 1243 992 donator
1266 926 1422 1004 mirabilis,
1481 981 1485 988 .

316 1033 546 1122 provincialibus
569 1032 698 1108 odiosus,
722 1030 934 1093 ecclesiasticos
966 1030 1090 1094 bonores
1116 1029 1230 1094 diutius
1261 1029 1420 1093 retinebat.

321 1137 526 1221 Sequebantur
558 1134 622 1217 ejus
651 1131 762 1195 curiam
792 1131 1029 1196 effeminatorum
1066 1153 1171 1194 manus
1200 1138 1231 1194 et
1260 1153 1423 1216 ganearum

324 1261 439 1326 greges.
484 1236 619 1300 Curiales
639 1235 818 1297 rusticorum
841 1232 1024 1296 substantias
1047 1233 1256 1317 depascebant,
1279 1257 1297 1296 a
1322 1232 1426 1296 buccis

322 1343 497 1406 miserorum
517 1336 600 1401 cibos
618 1334 831 1406 abstrahentes.
890 1335 976 1398 'lunc
990 1333 1092 1398 fluxus
1107 1334 1243 1412 erinium,
1259 1342 1336 1410 tuuc
1354 1356 1426 1398 usus

327 1446 490 1508 calceorum
514 1461 581 1503 cum
605 1437 732 1503 arcuatis
756 1437 887 1501 aculeis:
922 1437 1046 1500 mollitie
1068 1439 1198 1522 corporis
1220 1444 1334 1501 certare
1358 1457 1426 1500 cum

322 1546 451 1622 feminis,
468 1563 600 1626 gressum
622 1541 756 1624 frangere
778 1547 864 1623 gestu
889 1540 998 1616 soluto,
1022 1548 1053 1603 et
1070 1540 1162 1603 latere
1176 1537 1260 1603 nudo
1274 1539 1424 1617 incedere,

326 1645 557 1712 adolescentium
566 1643 715 1726 specimen
731 1658 802 1708 erat.
814 1642 926 1706 Beatus
938 1663 1007 1705 vero
1016 1642 1176 1707 Auselmus
1186 1643 1428 1727 archiepiscopus

325 1746 496 1833 hujusmodi
518 1745 664 1827 corrigere
674 1750 808 1820 conatus,
820 1743 1017 1808 sedsocietate
1030 1743 1287 1828 suffraganeorum
1303 1765 1426 1808 suorum

324 1851 496 1924 destitutus,
512 1854 618 1931 sponte
630 1846 764 1909 discessit
778 1869 795 1910 a
817 1867 918 1930 reguo,
933 1847 1051 1910 duritiae
1066 1848 1207 1931 temporis
1220 1847 1330 1910 cedens
1337 1875 1347 1926 3
1373 1849 1427 1931 qui

329 1960 363 2016 ut
390 1949 491 2036 prado
506 1947 644 2033 publicus
670 1949 807 2011 manticis
831 1948 969 2011 omnibus
985 1955 1015 2011 et
1029 1947 1130 2032 bulgis
1145 1950 1178 2012 in
1199 1956 1289 2033 portu
1316 1950 1427 2032 expila-

329 2061 379 2118 tus
394 2058 448 2129 est,
465 2071 556 2134 quum
572 2057 677 2112 ventos
691 2055 858 2132 expectaret
873 2049 1075 2133 navigaturus.
1129 2049 1253 2114 Mortuo
1273 2049 1428 2115 Willelmo

326 2153 420 2220 Rufio
448 2153 481 2215 in
502 2159 612 2214 venatu
636 2149 786 2213 Henricus
816 2151 907 2215 frater
936 2153 1000 2235 ejus
1026 2157 1131 2235 quarto
1159 2151 1207 2216 die
1235 2159 1306 2237 post
1332 2173 1427 2216 nonas

328 2254 460 2339 Augusti
493 2251 647 2316 Loudonrs
668 2258 835 2329 coronatur,
861 2254 911 2336 qui
935 2252 1020 2317 duxit
1042 2253 1199 2318 Matildem
1223 2255 1314 2318 filiam
1346 2256 1427 2340 regis

328 2355 490 2428 Malcolmi,
505 2353 661 2437 abneptem
683 2352 761 2416 beati
777 2354 914 2419 Edwardi
938 2375 974 2417 ex
989 2355 1077 2419 fratre
1092 2356 1246 2420 Edmundi
1261 2357 1426 2421 lreneside.
1510 2405 1511 2414 t

329 2459 444 2523 Eodem
464 2479 542 2522 anno
558 2452 707 2518 Robertus
726 2456 889 2520 Curtehose
913 2457 949 2520 de
968 2457 1174 2522 Hierosolimis
1195 2457 1313 2522 rediens
1343 2459 1430 2523 duxit
1510 2473 1511 2517 l

330 2560 472 2646 sybillam
493 2559 587 2622 liliam
610 2557 736 2620 Galfridi
759 2557 796 2621 de
818 2559 1015 2637 Conversana,
1040 2566 1071 2623 et
1101 2561 1180 2644 cepit
1209 2561 1428 2626 Narmanniam

330 2661 394 2724 aine
423 2660 574 2723 conflictu.
645 2659 705 2721 Hic
735 2659 888 2722 Gallridus
917 2660 976 2724 luit
1005 2681 1097 2744 nepos
1127 2661 1249 2724 Roberti
1281 2662 1428 2729 Wiscard.

331 2761 472 2825 &cundo
499 2783 579 2823 anuo
601 2760 723 2823 Heurici
744 2761 821 2844 regis
841 2760 989 2825 Robertus
1022 2762 1185 2826 Ourtehose
1214 2764 1359 2848 applicuit
1397 2767 1430 2830 in

333 2863 448 2946 Anglia
467 2883 535 2925 cum
555 2861 696 2938 exercitu,
721 2862 774 2925 sed
796 2863 944 2926 Hearicus
957 2863 1107 2947 pollicitus
1125 2871 1170 2928 est
1188 2887 1219 2928 se
1239 2867 1267 2929 ei
1289 2867 1429 2931 daturum

332 2963 460 3048 siugulis
480 2963 565 3027 anuis
587 2964 641 3026 tria
661 2963 752 3026 millia
773 2985 946 3030 marcarum.
1004 2967 1122 3031 Quinto
1141 2975 1238 3030 autem
1255 2991 1335 3032 auno
1351 2971 1429 3055 cepit

332 3087 400 3131 eum
426 3065 576 3130 Heuricus
597 3065 677 3148 apud
698 3065 921 3145 Tenercbebrai,
955 3074 985 3132 et
1018 3067 1200 3133 Willelmum
1222 3072 1363 3134 comitem
1393 3073 1430 3136 de

334 3171 484 3234 Moretum
500 3175 531 3232 ct
546 3175 613 3252 post
628 3166 790 3230 Robertum
810 3167 846 3230 de
864 3168 998 3232 Belesmo
1016 3178 1047 3232 et
1061 3171 1183 3234 inclusit
1197 3193 1247 3234 eos
1261 3173 1293 3236 in
1315 3189 1431 3237 carcere

333 3273 415 3335 omni
440 3278 583 3354 tempore.
655 3269 827 3332 Willelmus
856 3291 954 3334 comes
983 3271 1064 3334 filius
1095 3270 1218 3336 Roberti
1248 3296 1284 3337 ex
1317 3273 1431 3358 Sybilla

333 3378 484 3456 separatus
498 3394 516 3432 a
530 3371 593 3434 filia
607 3370 747 3433 Falconis
763 3371 995 3454 Andagavensis,
1013 3372 1100 3435 duxit
1110 3395 1239 3436 sororem
1249 3377 1329 3456 regis
1338 3377 1431 3440 Fran·
1509 3379 1510 3384 ’

335 3494 446 3547 corum,
462 3478 582 3555 accepte
595 3471 734 3535 Flaudria
746 3482 814 3555 post
826 3481 950 3537 mortem
965 3473 1061 3538 Caroli
1077 3477 1202 3539 comitis.
1239 3477 1364 3540 Carolus
1374 3478 1433 3542 fuit

333 3573 415 3639 filius
436 3573 513 3656 regis
534 3570 634 3636 Daciae
653 3593 689 3635 ex
717 3572 781 3636 iilia
803 3573 925 3640 Roberti
955 3574 1154 3640 Flaudreusia
1178 3576 1239 3640 Hic
1264 3578 1389 3642 Carolus
1416 3604 1432 3644 a

336 3677 397 3739 suis
413 3681 482 3738 ante
496 3674 586 3738 altare
601 3673 677 3737 beati
695 3675 807 3738 Donati
822 3676 900 3758 apud
922 3676 1036 3759 Bruges
1052 3683 1096 3740 est
1111 3678 1235 3742 occisus.
1260 3679 1432 3744 Willelmus

334 3778 417 3842 filius
433 3776 556 3840 Henrici
576 3777 652 3859 regis
670 3776 863 3859 naufragatus
885 3785 930 3840 est
950 3777 1030 3860 apud
1049 3777 1224 3856 Barballeet,
1248 3803 1342 3863 quum
1357 3789 1434 3846 esset

335 3900 480 3944 annorum
495 3877 592 3941 XVII
610 3883 640 3940 et
655 3877 744 3959 paulo
760 3877 826 3960 plus
845 3899 912 3940 cum
928 3879 1054 3942 Ricardo
1069 3880 1160 3944 fratre
1174 3881 1268 3944 notho
1285 3891 1316 3945 et
1333 3904 1432 3948 sorore

336 3981 429 4044 notha
457 3979 607 4042 comitissa
632 3979 765 4055 Particae,
785 3987 815 4042 et
845 3999 944 4043 sorore
971 3981 1090 4044 comitis
1115 3982 1279 4047 Tbeobaldi
1304 3991 1335 4048 et
1364 4006 1432 4048 cum

336 4082 440 4148 multis
460 4079 695 4144 adolescentibus
714 4102 869 4165 procerum
893 4082 964 4145 filiis
988 4084 1038 4167 qui
1061 4085 1161 4168 cipro
1185 4085 1271 4168 parili
1296 4093 1385 4151 aetate
1402 4108 1432 4150 se
