<?xml version="1.0" encoding="UTF-8"?>
<!DOCTYPE html PUBLIC "-//W3C//DTD XHTML 1.0 Transitional//EN"
    "http://www.w3.org/TR/xhtml1/DTD/xhtml1-transitional.dtd">
<html xmlns="http://www.w3.org/1999/xhtml" xml:lang="en" lang="en">
 <head>
  <title>
</title>
<meta http-equiv="Content-Type" content="text/html;charset=utf-8" />
  <meta name='ocr-system' content='tesseract 3.04.00' />
  <meta name='ocr-capabilities' content='ocr_page ocr_carea ocr_par ocr_line ocrx_word'/>
</head>
<body>
  <div class='ocr_page' id='page_1' title='image "./radulfinigrichr00cogggoog_0025.png"; bbox 0 0 3042 5134; ppageno 0'>
   <div class='ocr_carea' id='block_1_1' title="bbox 307 501 978 570">
    <p class='ocr_par' dir='ltr' id='par_1_1' title="bbox 307 501 978 570">
     <span class='ocr_line' id='line_1_1' title="bbox 307 501 978 570; baseline 0.006 -4"><span class='ocrx_word' id='word_1_1' title='bbox 307 501 348 566; x_wconf 88' lang='lat'>10</span> <span class='ocrx_word' id='word_1_2' title='bbox 692 504 838 569; x_wconf 80' lang='lat' dir='ltr'>Ranumu</span> <span class='ocrx_word' id='word_1_3' title='bbox 874 503 978 570; x_wconf 81' lang='lat' dir='ltr'>Naosr</span> 
     </span>
    </p>
   </div>
   <div class='ocr_carea' id='block_1_2' title="bbox 305 674 1397 4335">
    <p class='ocr_par' dir='ltr' id='par_1_2' title="bbox 305 674 1397 1788">
     <span class='ocr_line' id='line_1_2' title="bbox 305 674 1358 765; baseline 0.004 -25"><span class='ocrx_word' id='word_1_4' title='bbox 305 674 396 740; x_wconf 81' lang='lat' dir='ltr'>trater</span> <span class='ocrx_word' id='word_1_5' title='bbox 410 676 474 762; x_wconf 86' lang='lat' dir='ltr'>ejus</span> <span class='ocrx_word' id='word_1_6' title='bbox 488 676 509 740; x_wconf 90' lang='lat' dir='ltr'><strong>J</strong></span> <span class='ocrx_word' id='word_1_7' title='bbox 511 699 601 742; x_wconf 88' lang='lat' dir='ltr'>oram.</span> <span class='ocrx_word' id='word_1_8' title='bbox 646 677 726 744; x_wconf 85' lang='lat' dir='ltr'>Eum</span> <span class='ocrx_word' id='word_1_9' title='bbox 749 701 818 744; x_wconf 83' lang='lat' dir='ltr'>vero</span> <span class='ocrx_word' id='word_1_10' title='bbox 838 679 947 745; x_wconf 89' lang='lat' dir='ltr'>occidit</span> <span class='ocrx_word' id='word_1_11' title='bbox 968 680 1038 759; x_wconf 79' lang='lat' dir='ltr'>deii,</span> <span class='ocrx_word' id='word_1_12' title='bbox 1061 701 1150 765; x_wconf 90' lang='lat' dir='ltr'>quem</span> <span class='ocrx_word' id='word_1_13' title='bbox 1169 681 1258 745; x_wconf 82' lang='lat' dir='ltr'>anxit</span> <span class='ocrx_word' id='word_1_14' title='bbox 1272 678 1358 744; x_wconf 85' lang='lat' dir='ltr'>disci-</span> 
     </span>
     <span class='ocr_line' id='line_1_3' title="bbox 308 779 1397 868; baseline 0.004 -26"><span class='ocrx_word' id='word_1_15' title='bbox 308 779 397 864; x_wconf 89' lang='lat' dir='ltr'>pulus</span> <span class='ocrx_word' id='word_1_16' title='bbox 426 779 557 866; x_wconf 91' lang='lat' dir='ltr'>Helysei,</span> <span class='ocrx_word' id='word_1_17' title='bbox 588 782 752 847; x_wconf 88' lang='lat' dir='ltr'>secundum</span> <span class='ocrx_word' id='word_1_18' title='bbox 775 784 961 867; x_wconf 79' lang='lat' dir='ltr'>prophetiam</span> <span class='ocrx_word' id='word_1_19' title='bbox 993 783 1107 868; x_wconf 85' lang='lat' dir='ltr'>Helyae.</span> <span class='ocrx_word' id='word_1_20' title='bbox 1172 784 1246 847; x_wconf 89' lang='lat' dir='ltr'>Post</span> <span class='ocrx_word' id='word_1_21' title='bbox 1275 783 1357 846; x_wconf 87' lang='lat' dir='ltr'>Jahn</span> <span class='ocrx_word' id='word_1_22' title='bbox 1389 826 1397 837; x_wconf 82' lang='lat'><strong>·</strong></span> 
     </span>
     <span class='ocr_line' id='line_1_4' title="bbox 306 881 1357 970; baseline 0.004 -26"><span class='ocrx_word' id='word_1_23' title='bbox 306 883 441 966; x_wconf 86' lang='lat' dir='ltr'>regnavit</span> <span class='ocrx_word' id='word_1_24' title='bbox 460 881 483 944; x_wconf 83' lang='lat' dir='ltr'>J</span> <span class='ocrx_word' id='word_1_25' title='bbox 485 884 593 946; x_wconf 82' lang='lat' dir='ltr'>oachcz</span> <span class='ocrx_word' id='word_1_26' title='bbox 615 883 697 947; x_wconf 87' lang='lat' dir='ltr'>filius</span> <span class='ocrx_word' id='word_1_27' title='bbox 719 886 794 970; x_wconf 89' lang='lat' dir='ltr'>ejus,</span> <span class='ocrx_word' id='word_1_28' title='bbox 817 890 935 970; x_wconf 89' lang='lat' dir='ltr'>etpost</span> <span class='ocrx_word' id='word_1_29' title='bbox 954 907 1024 950; x_wconf 88' lang='lat' dir='ltr'>eum</span> <span class='ocrx_word' id='word_1_30' title='bbox 1043 884 1118 950; x_wconf 88' lang='lat' dir='ltr'>Joas</span> <span class='ocrx_word' id='word_1_31' title='bbox 1127 912 1136 964; x_wconf 70' lang='grc' dir='ltr'><strong><em>ς</em></strong></span> <span class='ocrx_word' id='word_1_32' title='bbox 1162 884 1218 949; x_wconf 88' lang='lat' dir='ltr'>sub</span> <span class='ocrx_word' id='word_1_33' title='bbox 1233 907 1293 968; x_wconf 91' lang='lat' dir='ltr'>quc</span> <span class='ocrx_word' id='word_1_34' title='bbox 1308 885 1357 948; x_wconf 88' lang='lat' dir='ltr'>dc·</span> 
     </span>
     <span class='ocr_line' id='line_1_5' title="bbox 307 983 1360 1071; baseline 0.004 -25"><span class='ocrx_word' id='word_1_35' title='bbox 307 983 431 1048; x_wconf 78' lang='lat' dir='ltr'>functus</span> <span class='ocrx_word' id='word_1_36' title='bbox 445 993 489 1048; x_wconf 90' lang='lat' dir='ltr'>est</span> <span class='ocrx_word' id='word_1_37' title='bbox 504 983 661 1069; x_wconf 88' lang='lat' dir='ltr'>Helyseus,</span> <span class='ocrx_word' id='word_1_38' title='bbox 678 1003 708 1049; x_wconf 83' lang='lat' dir='ltr'>et</span> <span class='ocrx_word' id='word_1_39' title='bbox 720 987 854 1071; x_wconf 89' lang='lat' dir='ltr'>sepultus</span> <span class='ocrx_word' id='word_1_40' title='bbox 870 990 902 1050; x_wconf 95' lang='lat' dir='ltr'>in</span> <span class='ocrx_word' id='word_1_41' title='bbox 919 987 1058 1052; x_wconf 77' lang='lat' dir='ltr'><strong>Samaria.</strong></span> <span class='ocrx_word' id='word_1_42' title='bbox 1105 987 1166 1057; x_wconf 79' lang='lat' dir='ltr'>Qui</span> <span class='ocrx_word' id='word_1_43' title='bbox 1180 988 1251 1050; x_wconf 84' lang='lat' dir='ltr'>lecit</span> <span class='ocrx_word' id='word_1_44' title='bbox 1268 987 1360 1050; x_wconf 83' lang='lat' dir='ltr'>multa</span> 
     </span>
     <span class='ocr_line' id='line_1_6' title="bbox 305 1086 1356 1174; baseline 0.001 -24"><span class='ocrx_word' id='word_1_45' title='bbox 305 1086 338 1150; x_wconf 91' lang='lat' dir='ltr'>in</span> <span class='ocrx_word' id='word_1_46' title='bbox 361 1087 464 1151; x_wconf 81' lang='lat' dir='ltr'>Israel.</span> <span class='ocrx_word' id='word_1_47' title='bbox 479 1088 555 1151; x_wconf 92' lang='lat' dir='ltr'>Post</span> <span class='ocrx_word' id='word_1_48' title='bbox 570 1087 642 1152; x_wconf 83' lang='lat' dir='ltr'>Joas</span> <span class='ocrx_word' id='word_1_49' title='bbox 667 1089 803 1172; x_wconf 87' lang='lat' dir='ltr'>regnavit</span> <span class='ocrx_word' id='word_1_50' title='bbox 818 1088 989 1168; x_wconf 82' lang='lat' dir='ltr'>deroboam,</span> <span class='ocrx_word' id='word_1_51' title='bbox 1005 1089 1062 1153; x_wconf 87' lang='lat' dir='ltr'>sub</span> <span class='ocrx_word' id='word_1_52' title='bbox 1087 1112 1147 1174; x_wconf 92' lang='lat' dir='ltr'>quo</span> <span class='ocrx_word' id='word_1_53' title='bbox 1170 1090 1265 1153; x_wconf 85' lang='lat' dir='ltr'>Jonas</span> <span class='ocrx_word' id='word_1_54' title='bbox 1290 1111 1356 1172; x_wconf 87' lang='lat' dir='ltr'>pro·</span> 
     </span>
     <span class='ocr_line' id='line_1_7' title="bbox 306 1189 1357 1276; baseline -0.001 -23"><span class='ocrx_word' id='word_1_55' title='bbox 306 1191 449 1274; x_wconf 75' lang='lat' dir='ltr'><strong>phetavit.</strong></span> <span class='ocrx_word' id='word_1_56' title='bbox 497 1190 578 1254; x_wconf 90' lang='lat' dir='ltr'>Huic</span> <span class='ocrx_word' id='word_1_57' title='bbox 588 1213 657 1254; x_wconf 87' lang='lat' dir='ltr'>vero</span> <span class='ocrx_word' id='word_1_58' title='bbox 667 1192 809 1255; x_wconf 86' lang='lat' dir='ltr'>successit</span> <span class='ocrx_word' id='word_1_59' title='bbox 819 1191 981 1269; x_wconf 80' lang='lat' dir='ltr'>Zacharias,</span> <span class='ocrx_word' id='word_1_60' title='bbox 992 1214 1081 1276; x_wconf 90' lang='lat' dir='ltr'>quem</span> <span class='ocrx_word' id='word_1_61' title='bbox 1090 1191 1237 1255; x_wconf 83' lang='lat' dir='ltr'>interiecit</span> <span class='ocrx_word' id='word_1_62' title='bbox 1246 1189 1357 1254; x_wconf 90' lang='lat' dir='ltr'>Sellum</span> 
     </span>
     <span class='ocr_line' id='line_1_8' title="bbox 307 1292 1358 1379; baseline -0.001 -22"><span class='ocrx_word' id='word_1_63' title='bbox 307 1317 408 1358; x_wconf 90' lang='lat' dir='ltr'>servus</span> <span class='ocrx_word' id='word_1_64' title='bbox 420 1295 493 1379; x_wconf 89' lang='lat' dir='ltr'>ejus.</span> <span class='ocrx_word' id='word_1_65' title='bbox 537 1292 579 1358; x_wconf 81' lang='lat' dir='ltr'>Et</span> <span class='ocrx_word' id='word_1_66' title='bbox 596 1301 665 1379; x_wconf 91' lang='lat' dir='ltr'>post</span> <span class='ocrx_word' id='word_1_67' title='bbox 681 1294 794 1359; x_wconf 85' lang='lat' dir='ltr'>Sellunr</span> <span class='ocrx_word' id='word_1_68' title='bbox 808 1295 945 1378; x_wconf 82' lang='lat' dir='ltr'>regnavit</span> <span class='ocrx_word' id='word_1_69' title='bbox 959 1295 1128 1373; x_wconf 89' lang='lat' dir='ltr'>Manahcm,</span> <span class='ocrx_word' id='word_1_70' title='bbox 1143 1301 1174 1358; x_wconf 90' lang='lat' dir='ltr'>et</span> <span class='ocrx_word' id='word_1_71' title='bbox 1200 1301 1268 1378; x_wconf 90' lang='lat' dir='ltr'>post</span> <span class='ocrx_word' id='word_1_72' title='bbox 1291 1315 1358 1357; x_wconf 90' lang='lat' dir='ltr'>eum</span> 
     </span>
     <span class='ocr_line' id='line_1_9' title="bbox 306 1396 1366 1482; baseline -0.002 -22"><span class='ocrx_word' id='word_1_73' title='bbox 306 1397 448 1461; x_wconf 82' lang='lat' dir='ltr'>Phaccias</span> <span class='ocrx_word' id='word_1_74' title='bbox 481 1397 563 1461; x_wconf 89' lang='lat' dir='ltr'>lilius</span> <span class='ocrx_word' id='word_1_75' title='bbox 584 1399 658 1482; x_wconf 88' lang='lat' dir='ltr'>ejus.</span> <span class='ocrx_word' id='word_1_76' title='bbox 718 1398 760 1461; x_wconf 85' lang='lat' dir='ltr'>Et</span> <span class='ocrx_word' id='word_1_77' title='bbox 786 1406 854 1481; x_wconf 89' lang='lat' dir='ltr'>post</span> <span class='ocrx_word' id='word_1_78' title='bbox 876 1418 945 1461; x_wconf 93' lang='lat' dir='ltr'>eum</span> <span class='ocrx_word' id='word_1_79' title='bbox 971 1398 1070 1475; x_wconf 85' lang='lat' dir='ltr'>Saoce,</span> <span class='ocrx_word' id='word_1_80' title='bbox 1098 1396 1181 1460; x_wconf 85' lang='lat' dir='ltr'>iilius</span> <span class='ocrx_word' id='word_1_81' title='bbox 1206 1396 1366 1459; x_wconf 63' lang='lat' dir='ltr'>Romaliae.⁴</span> 
     </span>
     <span class='ocr_line' id='line_1_10' title="bbox 310 1497 1360 1584; baseline -0.004 -20"><span class='ocrx_word' id='word_1_82' title='bbox 310 1498 373 1564; x_wconf 82' lang='lat' dir='ltr'>Sub</span> <span class='ocrx_word' id='word_1_83' title='bbox 403 1522 463 1583; x_wconf 89' lang='lat' dir='ltr'>quo</span> <span class='ocrx_word' id='word_1_84' title='bbox 499 1499 688 1583; x_wconf 81' lang='lat' dir='ltr'>prophetavit</span> <span class='ocrx_word' id='word_1_85' title='bbox 712 1499 836 1563; x_wconf 82' lang='lat' dir='ltr'><strong>Nahum</strong></span> <span class='ocrx_word' id='word_1_86' title='bbox 856 1499 1009 1584; x_wconf 85' lang='lat' dir='ltr'>propheta.</span> <span class='ocrx_word' id='word_1_87' title='bbox 1054 1499 1096 1562; x_wconf 82' lang='lat' dir='ltr'>Et</span> <span class='ocrx_word' id='word_1_88' title='bbox 1118 1499 1189 1561; x_wconf 87' lang='lat' dir='ltr'>huic</span> <span class='ocrx_word' id='word_1_89' title='bbox 1218 1497 1360 1562; x_wconf 88' lang='lat' dir='ltr'>successit</span> 
     </span>
     <span class='ocr_line' id='line_1_11' title="bbox 308 1599 1359 1684; baseline -0.001 -19"><span class='ocrx_word' id='word_1_90' title='bbox 308 1601 407 1679; x_wconf 82' lang='lat' dir='ltr'>Ozias,</span> <span class='ocrx_word' id='word_1_91' title='bbox 432 1623 522 1684; x_wconf 88' lang='lat' dir='ltr'>quern</span> <span class='ocrx_word' id='word_1_92' title='bbox 549 1601 709 1684; x_wconf 76' lang='lat' dir='ltr'>captivavit</span> <span class='ocrx_word' id='word_1_93' title='bbox 723 1623 775 1664; x_wconf 87' lang='lat' dir='ltr'>rex</span> <span class='ocrx_word' id='word_1_94' title='bbox 791 1600 986 1678; x_wconf 84' lang='lat' dir='ltr'>Salmanazar,</span> <span class='ocrx_word' id='word_1_95' title='bbox 1010 1600 1190 1663; x_wconf 76' lang='lat' dir='ltr'>transferens</span> <span class='ocrx_word' id='word_1_96' title='bbox 1207 1599 1302 1664; x_wconf 87' lang='lat' dir='ltr'>Israel</span> <span class='ocrx_word' id='word_1_97' title='bbox 1321 1599 1359 1664; x_wconf 86' lang='lat' dir='ltr'>ad</span> 
     </span>
     <span class='ocr_line' id='line_1_12' title="bbox 307 1701 1140 1788; baseline -0.001 -21"><span class='ocrx_word' id='word_1_98' title='bbox 307 1704 456 1788; x_wconf 76' lang='lat' dir='ltr'>Assyriae,</span> <span class='ocrx_word' id='word_1_99' title='bbox 472 1703 504 1766; x_wconf 90' lang='lat' dir='ltr'>in</span> <span class='ocrx_word' id='word_1_100' title='bbox 517 1702 606 1767; x_wconf 91' lang='lat' dir='ltr'>urbes</span> <span class='ocrx_word' id='word_1_101' title='bbox 622 1701 781 1766; x_wconf 87' lang='lat' dir='ltr'><strong>Medorum</strong></span> <span class='ocrx_word' id='word_1_102' title='bbox 793 1703 880 1787; x_wconf 83' lang='lat' dir='ltr'>juxta</span> <span class='ocrx_word' id='word_1_103' title='bbox 895 1703 1009 1766; x_wconf 82' lang='lat' dir='ltr'>flumen</span> <span class='ocrx_word' id='word_1_104' title='bbox 1025 1703 1140 1766; x_wconf 83' lang='lat' dir='ltr'>Gozan.</span> 
     </span>
    </p>

    <p class='ocr_par' dir='ltr' id='par_1_3' title="bbox 309 1805 1372 3522">
     <span class='ocr_line' id='line_1_13' title="bbox 351 1805 1359 1890; baseline -0.001 -21"><span class='ocrx_word' id='word_1_105' title='bbox 351 1806 496 1889; x_wconf 79' lang='lat' dir='ltr'>Tempore</span> <span class='ocrx_word' id='word_1_106' title='bbox 512 1805 645 1869; x_wconf 86' lang='lat' dir='ltr'>Roboam</span> <span class='ocrx_word' id='word_1_107' title='bbox 669 1805 748 1888; x_wconf 81' lang='lat' dir='ltr'>regis</span> <span class='ocrx_word' id='word_1_108' title='bbox 772 1805 870 1882; x_wconf 76' lang='lat' dir='ltr'>tuda,</span> <span class='ocrx_word' id='word_1_109' title='bbox 892 1805 1011 1882; x_wconf 87' lang='lat' dir='ltr'>Sesach,</span> <span class='ocrx_word' id='word_1_110' title='bbox 1032 1827 1084 1868; x_wconf 84' lang='lat' dir='ltr'>rex</span> <span class='ocrx_word' id='word_1_111' title='bbox 1106 1805 1231 1890; x_wconf 81' lang='lat' dir='ltr'>Agypti,</span> <span class='ocrx_word' id='word_1_112' title='bbox 1257 1827 1359 1869; x_wconf 85' lang='lat' dir='ltr'>ascen·</span> 
     </span>
     <span class='ocr_line' id='line_1_14' title="bbox 310 1907 1362 1991; baseline 0 -20"><span class='ocrx_word' id='word_1_113' title='bbox 310 1908 383 1972; x_wconf 91' lang='lat' dir='ltr'>dens</span> <span class='ocrx_word' id='word_1_114' title='bbox 398 1907 428 1971; x_wconf 91' lang='lat' dir='ltr'>in</span> <span class='ocrx_word' id='word_1_115' title='bbox 444 1907 622 1985; x_wconf 77' lang='lat' dir='ltr'>Jerusalem,</span> <span class='ocrx_word' id='word_1_116' title='bbox 632 1907 779 1991; x_wconf 89' lang='lat' dir='ltr'>templum</span> <span class='ocrx_word' id='word_1_117' title='bbox 796 1907 943 1991; x_wconf 86' lang='lat' dir='ltr'>spoliavit.</span> <span class='ocrx_word' id='word_1_118' title='bbox 987 1907 1062 1972; x_wconf 85' lang='lat' dir='ltr'>Post</span> <span class='ocrx_word' id='word_1_119' title='bbox 1076 1907 1210 1971; x_wconf 75' lang='lat' dir='ltr'>Ba›b0am</span> <span class='ocrx_word' id='word_1_120' title='bbox 1225 1907 1362 1991; x_wconf 86' lang='lat' dir='ltr'>regnavit</span> 
     </span>
     <span class='ocr_line' id='line_1_15' title="bbox 309 2009 1362 2094; baseline -0.002 -20"><span class='ocrx_word' id='word_1_121' title='bbox 309 2011 419 2088; x_wconf 85' lang='lat' dir='ltr'>Abiah,</span> <span class='ocrx_word' id='word_1_122' title='bbox 436 2017 466 2074; x_wconf 93' lang='lat' dir='ltr'>et</span> <span class='ocrx_word' id='word_1_123' title='bbox 491 2015 559 2094; x_wconf 90' lang='lat' dir='ltr'>post</span> <span class='ocrx_word' id='word_1_124' title='bbox 574 2009 683 2072; x_wconf 90' lang='lat' dir='ltr'>Abiam</span> <span class='ocrx_word' id='word_1_125' title='bbox 702 2009 817 2093; x_wconf 91' lang='lat' dir='ltr'>Asaph,</span> <span class='ocrx_word' id='word_1_126' title='bbox 833 2010 886 2093; x_wconf 93' lang='lat' dir='ltr'>qui</span> <span class='ocrx_word' id='word_1_127' title='bbox 911 2009 1056 2072; x_wconf 82' lang='lat' dir='ltr'>conduxit</span> <span class='ocrx_word' id='word_1_128' title='bbox 1077 2009 1240 2073; x_wconf 83' lang='lat' dir='ltr'>Benhadad</span> <span class='ocrx_word' id='word_1_129' title='bbox 1262 2031 1362 2094; x_wconf 81' lang='lat' dir='ltr'>regem</span> 
     </span>
     <span class='ocr_line' id='line_1_16' title="bbox 310 2110 1361 2197; baseline -0.002 -20"><span class='ocrx_word' id='word_1_130' title='bbox 310 2113 401 2197; x_wconf 79' lang='lat' dir='ltr'>Syriae</span> <span class='ocrx_word' id='word_1_131' title='bbox 417 2119 520 2176; x_wconf 89' lang='lat' dir='ltr'>contra</span> <span class='ocrx_word' id='word_1_132' title='bbox 540 2110 643 2186; x_wconf 86' lang='lat' dir='ltr'>Israel,</span> <span class='ocrx_word' id='word_1_133' title='bbox 665 2117 695 2173; x_wconf 91' lang='lat' dir='ltr'>et</span> <span class='ocrx_word' id='word_1_134' title='bbox 718 2113 864 2194; x_wconf 77' lang='lat' dir='ltr'>percussit</span> <span class='ocrx_word' id='word_1_135' title='bbox 885 2118 994 2174; x_wconf 90' lang='lat' dir='ltr'>terram</span> <span class='ocrx_word' id='word_1_136' title='bbox 1008 2110 1174 2196; x_wconf 89' lang='lat' dir='ltr'>Naptalim.</span> <span class='ocrx_word' id='word_1_137' title='bbox 1218 2112 1265 2174; x_wconf 82' lang='lat' dir='ltr'>Eo</span> <span class='ocrx_word' id='word_1_138' title='bbox 1285 2119 1361 2175; x_wconf 86' lang='lat' dir='ltr'>tem·</span> 
     </span>
     <span class='ocr_line' id='line_1_17' title="bbox 309 2211 1360 2300; baseline -0.001 -22"><span class='ocrx_word' id='word_1_139' title='bbox 309 2237 381 2300; x_wconf 85' lang='lat' dir='ltr'>pore</span> <span class='ocrx_word' id='word_1_140' title='bbox 408 2214 658 2300; x_wconf 85' lang='lat' dir='ltr'>prophetaverunt</span> <span class='ocrx_word' id='word_1_141' title='bbox 684 2213 804 2291; x_wconf 90' lang='lat' dir='ltr'>Achias,</span> <span class='ocrx_word' id='word_1_142' title='bbox 833 2211 905 2290; x_wconf 85' lang='lat' dir='ltr'>Jea,</span> <span class='ocrx_word' id='word_1_143' title='bbox 935 2215 1039 2290; x_wconf 85' lang='lat' dir='ltr'>Amos,</span> <span class='ocrx_word' id='word_1_144' title='bbox 1069 2213 1168 2290; x_wconf 84' lang='lat' dir='ltr'>Jchel,</span> <span class='ocrx_word' id='word_1_145' title='bbox 1198 2213 1360 2277; x_wconf 81' lang='lat' dir='ltr'>Zacharias.</span> 
     </span>
     <span class='ocr_line' id='line_1_18' title="bbox 310 2313 1363 2400; baseline -0.001 -20"><span class='ocrx_word' id='word_1_146' title='bbox 310 2317 494 2381; x_wconf 84' lang='lat' dir='ltr'>Praeccdeuti</span> <span class='ocrx_word' id='word_1_147' title='bbox 512 2315 622 2400; x_wconf 82' lang='lat' dir='ltr'>quippe</span> <span class='ocrx_word' id='word_1_148' title='bbox 644 2321 778 2399; x_wconf 89' lang='lat' dir='ltr'>tempore</span> <span class='ocrx_word' id='word_1_149' title='bbox 798 2315 905 2392; x_wconf 90' lang='lat' dir='ltr'>David,</span> <span class='ocrx_word' id='word_1_150' title='bbox 929 2315 1178 2399; x_wconf 84' lang='lat' dir='ltr'>prophetaverant</span> <span class='ocrx_word' id='word_1_151' title='bbox 1197 2315 1230 2378; x_wconf 91' lang='lat' dir='ltr'>in</span> <span class='ocrx_word' id='word_1_152' title='bbox 1253 2313 1363 2379; x_wconf 85' lang='lat' dir='ltr'>Judaea</span> 
     </span>
     <span class='ocr_line' id='line_1_19' title="bbox 309 2416 1363 2500; baseline -0.003 -16"><span class='ocrx_word' id='word_1_153' title='bbox 309 2417 388 2498; x_wconf 85' lang='lat' dir='ltr'>Gad,</span> <span class='ocrx_word' id='word_1_154' title='bbox 404 2419 539 2496; x_wconf 89' lang='lat' dir='ltr'>Nathan,</span> <span class='ocrx_word' id='word_1_155' title='bbox 556 2427 585 2481; x_wconf 89' lang='lat' dir='ltr'>et</span> <span class='ocrx_word' id='word_1_156' title='bbox 602 2417 713 2500; x_wconf 88' lang='lat' dir='ltr'>Asaph.</span> <span class='ocrx_word' id='word_1_157' title='bbox 759 2417 798 2480; x_wconf 90' lang='lat' dir='ltr'>In</span> <span class='ocrx_word' id='word_1_158' title='bbox 814 2417 945 2481; x_wconf 79' lang='lat' dir='ltr'>Samaria</span> <span class='ocrx_word' id='word_1_159' title='bbox 958 2439 1037 2493; x_wconf 84' lang='lat' dir='ltr'>vem,</span> <span class='ocrx_word' id='word_1_160' title='bbox 1054 2439 1122 2500; x_wconf 88' lang='lat' dir='ltr'>quae</span> <span class='ocrx_word' id='word_1_161' title='bbox 1138 2439 1219 2480; x_wconf 88' lang='lat' dir='ltr'>nunc</span> <span class='ocrx_word' id='word_1_162' title='bbox 1239 2416 1363 2481; x_wconf 85' lang='lat' dir='ltr'>Sebaste</span> 
     </span>
     <span class='ocr_line' id='line_1_20' title="bbox 312 2517 1363 2604; baseline -0.003 -19"><span class='ocrx_word' id='word_1_163' title='bbox 312 2522 487 2604; x_wconf 88' lang='lat' dir='ltr'>appellatur,</span> <span class='ocrx_word' id='word_1_164' title='bbox 518 2519 599 2603; x_wconf 90' lang='lat' dir='ltr'>apud</span> <span class='ocrx_word' id='word_1_165' title='bbox 628 2519 729 2581; x_wconf 90' lang='lat' dir='ltr'>decem</span> <span class='ocrx_word' id='word_1_166' title='bbox 758 2517 865 2596; x_wconf 89' lang='lat' dir='ltr'>trihus,</span> <span class='ocrx_word' id='word_1_167' title='bbox 899 2518 1152 2602; x_wconf 86' lang='lat' dir='ltr'>prophetaverunt</span> <span class='ocrx_word' id='word_1_168' title='bbox 1182 2517 1295 2603; x_wconf 88' lang='lat' dir='ltr'>Helyas</span> <span class='ocrx_word' id='word_1_169' title='bbox 1332 2525 1363 2582; x_wconf 91' lang='lat' dir='ltr'>et</span> 
     </span>
     <span class='ocr_line' id='line_1_21' title="bbox 311 2619 1362 2707; baseline -0.001 -22"><span class='ocrx_word' id='word_1_170' title='bbox 311 2622 478 2707; x_wconf 78' lang='lat' dir='ltr'>HelysaeuS,</span> <span class='ocrx_word' id='word_1_171' title='bbox 495 2621 618 2697; x_wconf 89' lang='lat' dir='ltr'>Abdias,</span> <span class='ocrx_word' id='word_1_172' title='bbox 631 2619 794 2696; x_wconf 80' lang='lat' dir='ltr'>Zachariae,</span> <span class='ocrx_word' id='word_1_173' title='bbox 806 2633 836 2682; x_wconf 83' lang='lat' dir='ltr'>et</span> <span class='ocrx_word' id='word_1_174' title='bbox 852 2620 995 2683; x_wconf 88' lang='lat' dir='ltr'>Micheas.</span> <span class='ocrx_word' id='word_1_175' title='bbox 1063 2619 1167 2684; x_wconf 84' lang='lat' dir='ltr'>Helias</span> <span class='ocrx_word' id='word_1_176' title='bbox 1178 2643 1248 2683; x_wconf 89' lang='lat' dir='ltr'>vero</span> <span class='ocrx_word' id='word_1_177' title='bbox 1259 2626 1362 2704; x_wconf 86' lang='lat' dir='ltr'>raptus</span> 
     </span>
     <span class='ocr_line' id='line_1_22' title="bbox 309 2722 1365 2808; baseline -0.001 -21"><span class='ocrx_word' id='word_1_178' title='bbox 309 2731 364 2802; x_wconf 88' lang='lat' dir='ltr'>est,</span> <span class='ocrx_word' id='word_1_179' title='bbox 386 2730 416 2786; x_wconf 85' lang='lat' dir='ltr'>et</span> <span class='ocrx_word' id='word_1_180' title='bbox 439 2723 594 2808; x_wconf 87' lang='lat' dir='ltr'>Helysaens</span> <span class='ocrx_word' id='word_1_181' title='bbox 614 2729 760 2799; x_wconf 83' lang='lat' dir='ltr'>martana,</span> <span class='ocrx_word' id='word_1_182' title='bbox 776 2731 807 2784; x_wconf 90' lang='lat' dir='ltr'>et</span> <span class='ocrx_word' id='word_1_183' title='bbox 826 2729 979 2785; x_wconf 90' lang='lat' dir='ltr'>mortuum</span> <span class='ocrx_word' id='word_1_184' title='bbox 998 2722 1164 2785; x_wconf 87' lang='lat' dir='ltr'>suscitavit.</span> <span class='ocrx_word' id='word_1_185' title='bbox 1209 2722 1283 2786; x_wconf 88' lang='lat' dir='ltr'>Post</span> <span class='ocrx_word' id='word_1_186' title='bbox 1302 2724 1365 2787; x_wconf 83' lang='lat' dir='ltr'>Asa</span> 
     </span>
     <span class='ocr_line' id='line_1_23' title="bbox 311 2823 1365 2910; baseline 0 -20"><span class='ocrx_word' id='word_1_187' title='bbox 311 2849 411 2910; x_wconf 81' lang='lat' dir='ltr'>regern</span> <span class='ocrx_word' id='word_1_188' title='bbox 449 2825 530 2889; x_wconf 82' lang='lat' dir='ltr'>duda</span> <span class='ocrx_word' id='word_1_189' title='bbox 558 2825 693 2908; x_wconf 85' lang='lat' dir='ltr'>regnavit</span> <span class='ocrx_word' id='word_1_190' title='bbox 722 2823 880 2909; x_wconf 79' lang='lat' dir='ltr'>dosaphat,</span> <span class='ocrx_word' id='word_1_191' title='bbox 910 2832 941 2888; x_wconf 92' lang='lat' dir='ltr'>et</span> <span class='ocrx_word' id='word_1_192' title='bbox 969 2832 1037 2908; x_wconf 90' lang='lat' dir='ltr'>post</span> <span class='ocrx_word' id='word_1_193' title='bbox 1067 2823 1215 2908; x_wconf 87' lang='lat' dir='ltr'>Josaphat</span> <span class='ocrx_word' id='word_1_194' title='bbox 1249 2823 1365 2890; x_wconf 65' lang='lat' dir='ltr'>Jorama</span> 
     </span>
     <span class='ocr_line' id='line_1_24' title="bbox 310 2925 1367 3012; baseline -0.002 -20"><span class='ocrx_word' id='word_1_195' title='bbox 310 2949 370 3012; x_wconf 93' lang='lat' dir='ltr'>quo</span> <span class='ocrx_word' id='word_1_196' title='bbox 394 2934 536 3012; x_wconf 84' lang='lat' dir='ltr'>regnante</span> <span class='ocrx_word' id='word_1_197' title='bbox 551 2927 672 2990; x_wconf 84' lang='lat' dir='ltr'>recessit</span> <span class='ocrx_word' id='word_1_198' title='bbox 687 2926 794 3003; x_wconf 82' lang='lat' dir='ltr'>Edam,</span> <span class='ocrx_word' id='word_1_199' title='bbox 811 2949 849 2989; x_wconf 91' lang='lat' dir='ltr'>nc</span> <span class='ocrx_word' id='word_1_200' title='bbox 863 2934 941 2990; x_wconf 91' lang='lat' dir='ltr'>esset</span> <span class='ocrx_word' id='word_1_201' title='bbox 955 2926 1011 2990; x_wconf 89' lang='lat' dir='ltr'>sub</span> <span class='ocrx_word' id='word_1_202' title='bbox 1026 2925 1119 2989; x_wconf 80' lang='lat' dir='ltr'>duda.</span> <span class='ocrx_word' id='word_1_203' title='bbox 1164 2926 1237 2990; x_wconf 84' lang='lat' dir='ltr'>Post</span> <span class='ocrx_word' id='word_1_204' title='bbox 1260 2925 1367 2990; x_wconf 87' lang='lat' dir='ltr'>Joram</span> 
     </span>
     <span class='ocr_line' id='line_1_25' title="bbox 310 3028 1365 3114; baseline -0.002 -19"><span class='ocrx_word' id='word_1_205' title='bbox 310 3037 410 3095; x_wconf 88' lang='lat' dir='ltr'>autem</span> <span class='ocrx_word' id='word_1_206' title='bbox 426 3030 559 3114; x_wconf 84' lang='lat' dir='ltr'>regnavit</span> <span class='ocrx_word' id='word_1_207' title='bbox 576 3029 674 3106; x_wconf 87' lang='lat' dir='ltr'>Ozias,</span> <span class='ocrx_word' id='word_1_208' title='bbox 692 3029 743 3112; x_wconf 89' lang='lat' dir='ltr'>qui</span> <span class='ocrx_word' id='word_1_209' title='bbox 759 3035 790 3092; x_wconf 92' lang='lat' dir='ltr'>et</span> <span class='ocrx_word' id='word_1_210' title='bbox 805 3028 952 3097; x_wconf 87' lang='lat' dir='ltr'>Ochozias</span> <span class='ocrx_word' id='word_1_211' title='bbox 966 3028 1014 3092; x_wconf 89' lang='lat' dir='ltr'>vel</span> <span class='ocrx_word' id='word_1_212' title='bbox 1040 3028 1162 3092; x_wconf 87' lang='lat' dir='ltr'>Azarias</span> <span class='ocrx_word' id='word_1_213' title='bbox 1183 3029 1365 3094; x_wconf 90' lang='lat' dir='ltr'>nominatur.</span> 
     </span>
     <span class='ocr_line' id='line_1_26' title="bbox 310 3130 1366 3218; baseline -0.001 -21"><span class='ocrx_word' id='word_1_214' title='bbox 310 3135 352 3198; x_wconf 85' lang='lat' dir='ltr'>Et</span> <span class='ocrx_word' id='word_1_215' title='bbox 380 3140 449 3218; x_wconf 90' lang='lat' dir='ltr'>post</span> <span class='ocrx_word' id='word_1_216' title='bbox 475 3132 611 3196; x_wconf 84' lang='lat' dir='ltr'>Azariam</span> <span class='ocrx_word' id='word_1_217' title='bbox 637 3131 771 3195; x_wconf 86' lang='lat' dir='ltr'>Attaliah</span> <span class='ocrx_word' id='word_1_218' title='bbox 803 3135 822 3194; x_wconf 82' lang='lat'><strong>6</strong></span> <span class='ocrx_word' id='word_1_219' title='bbox 849 3132 943 3194; x_wconf 87' lang='lat' dir='ltr'>anuis.</span> <span class='ocrx_word' id='word_1_220' title='bbox 1011 3132 1053 3194; x_wconf 81' lang='lat' dir='ltr'>Et</span> <span class='ocrx_word' id='word_1_221' title='bbox 1079 3137 1147 3214; x_wconf 89' lang='lat' dir='ltr'>post</span> <span class='ocrx_word' id='word_1_222' title='bbox 1175 3130 1258 3194; x_wconf 91' lang='lat' dir='ltr'>illam</span> <span class='ocrx_word' id='word_1_223' title='bbox 1283 3133 1366 3196; x_wconf 80' lang='lat' dir='ltr'>dous.</span> 
     </span>
     <span class='ocr_line' id='line_1_27' title="bbox 311 3232 1368 3318; baseline -0.002 -18"><span class='ocrx_word' id='word_1_224' title='bbox 311 3237 375 3306; x_wconf 78' lang='lat' dir='ltr'>Qui</span> <span class='ocrx_word' id='word_1_225' title='bbox 405 3235 484 3300; x_wconf 91' lang='lat' dir='ltr'>bono</span> <span class='ocrx_word' id='word_1_226' title='bbox 506 3257 580 3299; x_wconf 88' lang='lat' dir='ltr'>usus</span> <span class='ocrx_word' id='word_1_227' title='bbox 604 3234 758 3318; x_wconf 88' lang='lat' dir='ltr'>principio,</span> <span class='ocrx_word' id='word_1_228' title='bbox 784 3233 848 3296; x_wconf 80' lang='lat' dir='ltr'>line</span> <span class='ocrx_word' id='word_1_229' title='bbox 873 3233 1012 3316; x_wconf 90' lang='lat' dir='ltr'>pessimo,</span> <span class='ocrx_word' id='word_1_230' title='bbox 1039 3232 1200 3316; x_wconf 87' lang='lat' dir='ltr'>complevit</span> <span class='ocrx_word' id='word_1_231' title='bbox 1225 3240 1368 3298; x_wconf 84' lang='lat' dir='ltr'>conatum</span> 
     </span>
     <span class='ocr_line' id='line_1_28' title="bbox 312 3334 1372 3422; baseline -0.001 -20"><span class='ocrx_word' id='word_1_232' title='bbox 312 3361 410 3402; x_wconf 87' lang='lat' dir='ltr'>suum.</span> <span class='ocrx_word' id='word_1_233' title='bbox 468 3337 530 3407; x_wconf 76' lang='lat' dir='ltr'>Qui</span> <span class='ocrx_word' id='word_1_234' title='bbox 546 3337 656 3400; x_wconf 90' lang='lat' dir='ltr'>occidit</span> <span class='ocrx_word' id='word_1_235' title='bbox 671 3336 851 3413; x_wconf 88' lang='lat' dir='ltr'>Zachariam,</span> <span class='ocrx_word' id='word_1_236' title='bbox 865 3336 963 3399; x_wconf 86' lang='lat' dir='ltr'>filium</span> <span class='ocrx_word' id='word_1_237' title='bbox 978 3334 1105 3414; x_wconf 88' lang='lat' dir='ltr'>Joiadae,</span> <span class='ocrx_word' id='word_1_238' title='bbox 1121 3335 1200 3399; x_wconf 88' lang='lat' dir='ltr'>inter</span> <span class='ocrx_word' id='word_1_239' title='bbox 1213 3336 1372 3422; x_wconf 79' lang='lat' dir='ltr'>Templum</span> 
     </span>
     <span class='ocr_line' id='line_1_29' title="bbox 311 3438 889 3522; baseline -0.005 -18"><span class='ocrx_word' id='word_1_240' title='bbox 311 3449 342 3504; x_wconf 92' lang='lat' dir='ltr'>et</span> <span class='ocrx_word' id='word_1_241' title='bbox 357 3440 456 3504; x_wconf 84' lang='lat' dir='ltr'>altare.</span> <span class='ocrx_word' id='word_1_242' title='bbox 502 3440 544 3502; x_wconf 79' lang='lat' dir='ltr'>Et</span> <span class='ocrx_word' id='word_1_243' title='bbox 558 3446 628 3522; x_wconf 86' lang='lat' dir='ltr'>post</span> <span class='ocrx_word' id='word_1_244' title='bbox 643 3438 725 3515; x_wconf 81' lang='lat' dir='ltr'>doas,</span> <span class='ocrx_word' id='word_1_245' title='bbox 743 3438 889 3501; x_wconf 84' lang='lat' dir='ltr'>Amasias.</span> 
     </span>
    </p>

    <p class='ocr_par' dir='ltr' id='par_1_4' title="bbox 308 3539 1371 4335">
     <span class='ocr_line' id='line_1_30' title="bbox 356 3539 1367 3624; baseline 0 -20"><span class='ocrx_word' id='word_1_246' title='bbox 356 3542 413 3604; x_wconf 86' lang='lat' dir='ltr'>His</span> <span class='ocrx_word' id='word_1_247' title='bbox 426 3540 530 3604; x_wconf 88' lang='lat' dir='ltr'>diebus</span> <span class='ocrx_word' id='word_1_248' title='bbox 547 3539 769 3624; x_wconf 84' lang='lat' dir='ltr'>Sardanapalla,</span> <span class='ocrx_word' id='word_1_249' title='bbox 779 3540 825 3602; x_wconf 90' lang='lat' dir='ltr'>vir</span> <span class='ocrx_word' id='word_1_250' title='bbox 839 3539 962 3603; x_wconf 88' lang='lat' dir='ltr'>muliere</span> <span class='ocrx_word' id='word_1_251' title='bbox 978 3539 1153 3624; x_wconf 88' lang='lat' dir='ltr'>corruptior,</span> <span class='ocrx_word' id='word_1_252' title='bbox 1164 3563 1195 3604; x_wconf 91' lang='lat' dir='ltr'>se</span> <span class='ocrx_word' id='word_1_253' title='bbox 1210 3539 1367 3604; x_wconf 88' lang='lat' dir='ltr'>combusto</span> 
     </span>
     <span class='ocr_line' id='line_1_31' title="bbox 310 3640 1368 3728; baseline 0 -22"><span class='ocrx_word' id='word_1_254' title='bbox 310 3665 379 3706; x_wconf 89' lang='lat' dir='ltr'>cum</span> <span class='ocrx_word' id='word_1_255' title='bbox 394 3641 501 3726; x_wconf 89' lang='lat' dir='ltr'>opibus</span> <span class='ocrx_word' id='word_1_256' title='bbox 525 3643 595 3718; x_wconf 86' lang='lat' dir='ltr'>suis,</span> <span class='ocrx_word' id='word_1_257' title='bbox 613 3642 683 3728; x_wconf 90' lang='lat' dir='ltr'>quia</span> <span class='ocrx_word' id='word_1_258' title='bbox 699 3640 868 3723; x_wconf 79' lang='lat' dir='ltr'>hrhagasto</span> <span class='ocrx_word' id='word_1_259' title='bbox 879 3663 940 3704; x_wconf 89' lang='lat' dir='ltr'>uon</span> <span class='ocrx_word' id='word_1_260' title='bbox 956 3643 1057 3724; x_wconf 89' lang='lat' dir='ltr'>potuit</span> <span class='ocrx_word' id='word_1_261' title='bbox 1078 3642 1225 3720; x_wconf 89' lang='lat' dir='ltr'>resistere,</span> <span class='ocrx_word' id='word_1_262' title='bbox 1240 3665 1368 3726; x_wconf 84' lang='lat' dir='ltr'>regnum</span> 
     </span>
     <span class='ocr_line' id='line_1_32' title="bbox 310 3743 1369 3830; baseline -0.002 -21"><span class='ocrx_word' id='word_1_263' title='bbox 310 3746 499 3830; x_wconf 81' lang='lat' dir='ltr'>Assyriorum</span> <span class='ocrx_word' id='word_1_264' title='bbox 516 3743 634 3806; x_wconf 89' lang='lat' dir='ltr'>transiit</span> <span class='ocrx_word' id='word_1_265' title='bbox 649 3743 688 3806; x_wconf 92' lang='lat' dir='ltr'>ad</span> <span class='ocrx_word' id='word_1_266' title='bbox 714 3743 834 3806; x_wconf 86' lang='lat' dir='ltr'>Medos.</span> <span class='ocrx_word' id='word_1_267' title='bbox 892 3744 934 3806; x_wconf 82' lang='lat' dir='ltr'>Et</span> <span class='ocrx_word' id='word_1_268' title='bbox 949 3766 1002 3826; x_wconf 89' lang='lat' dir='ltr'>per</span> <span class='ocrx_word' id='word_1_269' title='bbox 1018 3747 1080 3807; x_wconf 84' lang='lat'>350</span> <span class='ocrx_word' id='word_1_270' title='bbox 1097 3767 1201 3821; x_wconf 82' lang='lat' dir='ltr'>annOS,</span> <span class='ocrx_word' id='word_1_271' title='bbox 1217 3765 1270 3828; x_wconf 91' lang='lat' dir='ltr'>per</span> <span class='ocrx_word' id='word_1_272' title='bbox 1285 3766 1369 3827; x_wconf 87' lang='lat' dir='ltr'>reges</span> 
     </span>
     <span class='ocr_line' id='line_1_33' title="bbox 311 3845 1369 3930; baseline -0.002 -20"><span class='ocrx_word' id='word_1_273' title='bbox 311 3845 368 3910; x_wconf 91' lang='lat' dir='ltr'>sibi</span> <span class='ocrx_word' id='word_1_274' title='bbox 386 3846 513 3909; x_wconf 89' lang='lat' dir='ltr'>invicem</span> <span class='ocrx_word' id='word_1_275' title='bbox 530 3845 734 3922; x_wconf 87' lang='lat' dir='ltr'>succedentes,</span> <span class='ocrx_word' id='word_1_276' title='bbox 744 3845 883 3908; x_wconf 89' lang='lat' dir='ltr'>transivit</span> <span class='ocrx_word' id='word_1_277' title='bbox 898 3868 991 3928; x_wconf 88' lang='lat' dir='ltr'>usque</span> <span class='ocrx_word' id='word_1_278' title='bbox 1007 3845 1044 3908; x_wconf 91' lang='lat' dir='ltr'>ad</span> <span class='ocrx_word' id='word_1_279' title='bbox 1057 3848 1221 3930; x_wconf 79' lang='lat' dir='ltr'>Astyagen,</span> <span class='ocrx_word' id='word_1_280' title='bbox 1238 3867 1369 3909; x_wconf 87' lang='lat' dir='ltr'>avuncu-</span> 
     </span>
     <span class='ocr_line' id='line_1_34' title="bbox 308 3946 1371 4032; baseline -0.003 -20"><span class='ocrx_word' id='word_1_281' title='bbox 308 3949 372 4012; x_wconf 88' lang='lat' dir='ltr'>lum</span> <span class='ocrx_word' id='word_1_282' title='bbox 392 3949 472 4032; x_wconf 85' lang='lat' dir='ltr'>Cyri.</span> <span class='ocrx_word' id='word_1_283' title='bbox 505 3947 618 4010; x_wconf 86' lang='lat' dir='ltr'>Verum</span> <span class='ocrx_word' id='word_1_284' title='bbox 641 3968 726 4030; x_wconf 83' lang='lat' dir='ltr'>reges</span> <span class='ocrx_word' id='word_1_285' title='bbox 747 3946 908 4009; x_wconf 87' lang='lat' dir='ltr'>Medorum</span> <span class='ocrx_word' id='word_1_286' title='bbox 929 3969 989 4010; x_wconf 93' lang='lat' dir='ltr'>non</span> <span class='ocrx_word' id='word_1_287' title='bbox 1010 3954 1225 4030; x_wconf 88' lang='lat' dir='ltr'>computantur</span> <span class='ocrx_word' id='word_1_288' title='bbox 1244 3969 1371 4010; x_wconf 90' lang='lat' dir='ltr'>numero</span> 
     </span>
     <span class='ocr_line' id='line_1_35' title="bbox 310 4048 1370 4133; baseline -0.002 -19"><span class='ocrx_word' id='word_1_289' title='bbox 310 4052 473 4115; x_wconf 88' lang='lat' dir='ltr'>illustrium</span> <span class='ocrx_word' id='word_1_290' title='bbox 487 4071 594 4133; x_wconf 85' lang='lat' dir='ltr'>regum</span> <span class='ocrx_word' id='word_1_291' title='bbox 609 4070 705 4132; x_wconf 88' lang='lat' dir='ltr'>usque</span> <span class='ocrx_word' id='word_1_292' title='bbox 721 4048 759 4111; x_wconf 89' lang='lat' dir='ltr'>ad</span> <span class='ocrx_word' id='word_1_293' title='bbox 780 4048 902 4131; x_wconf 83' lang='lat' dir='ltr'>Cyrum,</span> <span class='ocrx_word' id='word_1_294' title='bbox 925 4048 1059 4130; x_wconf 88' lang='lat' dir='ltr'>quamvis</span> <span class='ocrx_word' id='word_1_295' title='bbox 1080 4048 1193 4111; x_wconf 87' lang='lat' dir='ltr'>luerint</span> <span class='ocrx_word' id='word_1_296' title='bbox 1208 4055 1238 4110; x_wconf 91' lang='lat' dir='ltr'>et</span> <span class='ocrx_word' id='word_1_297' title='bbox 1250 4048 1370 4132; x_wconf 86' lang='lat' dir='ltr'>juribus</span> 
     </span>
     <span class='ocr_line' id='line_1_36' title="bbox 310 4149 1371 4233; baseline -0.005 -16"><span class='ocrx_word' id='word_1_298' title='bbox 310 4154 516 4217; x_wconf 89' lang='lat' dir='ltr'>Chaldaeorum</span> <span class='ocrx_word' id='word_1_299' title='bbox 541 4156 571 4213; x_wconf 90' lang='lat' dir='ltr'>et</span> <span class='ocrx_word' id='word_1_300' title='bbox 589 4149 761 4232; x_wconf 88' lang='lat' dir='ltr'>Babyloniae</span> <span class='ocrx_word' id='word_1_301' title='bbox 780 4151 901 4214; x_wconf 90' lang='lat' dir='ltr'>nominc</span> <span class='ocrx_word' id='word_1_302' title='bbox 923 4149 1004 4214; x_wconf 86' lang='lat' dir='ltr'>clari.</span> <span class='ocrx_word' id='word_1_303' title='bbox 1024 4149 1271 4233; x_wconf 72' lang='lat' dir='ltr'>Nomadumque,</span> <span class='ocrx_word' id='word_1_304' title='bbox 1289 4149 1371 4233; x_wconf 89' lang='lat' dir='ltr'>quod</span> 
     </span>
     <span class='ocr_line' id='line_1_37' title="bbox 309 4251 1369 4335; baseline -0.009 -16"><span class='ocrx_word' id='word_1_305' title='bbox 309 4256 429 4331; x_wconf 83' lang='lat' dir='ltr'>Procas,</span> <span class='ocrx_word' id='word_1_306' title='bbox 451 4252 565 4317; x_wconf 78' lang='lat' dir='ltr'>Amulii</span> <span class='ocrx_word' id='word_1_307' title='bbox 581 4259 611 4316; x_wconf 89' lang='lat' dir='ltr'>ct</span> <span class='ocrx_word' id='word_1_308' title='bbox 631 4251 800 4314; x_wconf 86' lang='lat' dir='ltr'>Numitoris</span> <span class='ocrx_word' id='word_1_309' title='bbox 816 4259 909 4334; x_wconf 89' lang='lat' dir='ltr'>pater,</span> <span class='ocrx_word' id='word_1_310' title='bbox 933 4274 967 4315; x_wconf 93' lang='lat' dir='ltr'>eo</span> <span class='ocrx_word' id='word_1_311' title='bbox 986 4259 1119 4335; x_wconf 81' lang='lat' dir='ltr'>tempore</span> <span class='ocrx_word' id='word_1_312' title='bbox 1140 4251 1220 4335; x_wconf 90' lang='lat' dir='ltr'>apud</span> <span class='ocrx_word' id='word_1_313' title='bbox 1243 4251 1369 4315; x_wconf 87' lang='lat' dir='ltr'>Latinos</span> 
     </span>
    </p>
   </div>
   <div class='ocr_carea' id='block_1_3' title="bbox 0 0 1531 5124">
    <p class='ocr_par' dir='ltr' id='par_1_5' title="bbox 0 0 1531 5124">
     <span class='ocr_line' id='line_1_38' title="bbox 0 0 1531 5124; baseline 0 0"><span class='ocrx_word' id='word_1_314' title='bbox 0 0 1531 5124; x_wconf 95' lang='lat' dir='ltr'> </span> 
     </span>
    </p>
   </div>
  </div>
 </body>
</html>
