3042 5134
295 506 336 567 ll
672 502 818 565 Bassum
856 502 959 568 Nrenr

294 678 447 761 accepist.
493 676 684 741 Immsnitate
712 676 807 761 igitur
834 677 913 741 tanti
942 700 1031 741 ansus
1061 676 1245 741 consternati
1275 679 1356 739 sunt

294 804 396 843 omnes
411 802 495 864 reges
510 787 654 843 terrarum
670 787 700 842 et
710 782 752 843 eis
764 803 826 843 non
841 780 984 845 auderent
999 781 1151 859 resistere3
1175 780 1227 844 sed
1242 802 1355 843 omnes

293 906 363 947 cum
392 884 434 946 eis
464 882 629 966 gauderent
657 883 754 946 loedus
784 884 979 967 interponere,
1006 891 1037 947 et
1067 905 1168 946 eornm
1197 882 1353 967 adjutoria

292 984 410 1051 hahere.
456 985 539 1049 Pulsi
560 986 654 1070 igitm
678 1009 695 1049 a
715 1007 818 1070 regno,
834 985 871 1049 ad
894 986 997 1050 Gallos
1018 1010 1050 1051 se
1072 985 1274 1062 conterebant,
1289 1008 1352 1049 nec

294 1090 357 1152 sine
381 1089 559 1152 mercenario
580 1111 681 1151 eorum
702 1090 833 1152 exercitu
853 1088 944 1172 aliqui
964 1111 1097 1173 pugnare
1116 1088 1350 1175 praesomebant,

293 1213 348 1253 nec
364 1191 435 1254 alias
456 1212 487 1253 se
502 1197 584 1254 tutos
606 1212 670 1253 esse
693 1212 780 1274 posse
801 1189 958 1274 putabant,
974 1191 1034 1254 nisi
1057 1192 1168 1255 virtute
1189 1191 1348 1255 Gallorum

291 1292 519 1356 defenderentur
533 1303 584 1356 aut
596 1293 780 1377 juvarentur.

336 1396 465 1474 Interea,
476 1394 548 1459 dum
563 1394 724 1457 Nehemias
735 1394 913 1459 instauraret
925 1394 1039 1459 cultum
1056 1395 1123 1471 Dei,
1133 1394 1214 1457 misit
1224 1402 1348 1477 nepotes
1428 1476 1432 1481 Ι

293 1498 481 1562 sacerdotum
504 1497 556 1581 qui
578 1496 793 1561 absconderant
815 1498 925 1581 ignem,
949 1505 979 1561 et
1000 1520 1062 1561 000
1082 1498 1263 1561 invenerunt
1286 1497 1348 1559 nisi

293 1622 400 1683 aquam
430 1622 567 1664 crassam.
612 1598 710 1669 Onam
741 1601 909 1678 afferentes,
934 1606 1106 1685 sparserunt
1135 1621 1224 1683 super
1253 1597 1349 1683 ligna,

292 1702 433 1765 mandato
454 1700 606 1780 Neemiae3
629 1708 660 1765 et
683 1704 840 1766 incensum
860 1709 906 1766 est
928 1702 1146 1780 holocaustum,
1162 1701 1255 1765 veluti
1276 1702 1349 1785 igne

293 1804 458 1889 supposito.
508 1804 616 1867 Docuit
630 1804 722 1887 igitur
737 1804 880 1889 populum
895 1801 1057 1869 Nehemias
1074 1808 1114 1868 12
1139 1804 1234 1881 aunis,
1251 1826 1349 1887 quum

295 1905 356 1970 illis
372 1906 476 1969 diebus
491 1928 544 1989 per
562 1907 728 1970 sacerdotes
743 1928 876 1971 summos
895 1914 1068 1991 regerentur
1086 1910 1148 1970 303
1165 1907 1261 1982 aunis,
1277 1911 1347 1989 post

292 2008 423 2072 reditum
448 2008 559 2093 populi.
605 2007 742 2078 Quorum
772 2009 971 2073 eminentioris
998 2010 1085 2073 lamae
1106 2009 1228 2073 luerunt
1257 2007 1349 2071 «lesus

292 2133 419 2195 magnus
434 2110 587 2188 Sacerdos,
603 2110 624 2174 J
626 2111 750 2185 oachim,
764 2111 907 2195 Eliasiph,
921 2112 1034 2189 Simon,
1047 2112 1150 2189 Ouiae,
1163 2121 1193 2173 et
1209 2110 1346 2174 Gaddus.

291 2214 386 2299 Cujus
402 2222 533 2299 tempore
548 2214 684 2298 regnavit
699 2214 866 2297 Philippus,
882 2222 966 2297 pater
981 2214 1143 2279 Alexandri
1159 2214 1275 2298 Magni,
1294 2214 1349 2297 qui

292 2316 319 2379 ei
333 2316 485 2379 successit.
530 2316 594 2380 Iste
608 2316 716 2379 invasit
730 2316 807 2379 fines
816 2316 982 2393 Persarum,
996 2339 1085 2399 quem
1106 2317 1209 2379 Darius
1223 2316 1348 2380 introire

291 2420 435 2503 permisit,
458 2419 569 2482 fiducia
588 2440 708 2483 suarum
730 2418 849 2481 virium.
896 2418 1109 2495 Veruntamen,
1131 2420 1163 2483 in
1184 2440 1347 2502 congressu

290 2529 375 2607 terga
397 2522 480 2586 dedit
501 2523 620 2585 Darius.
655 2521 799 2598 Tandem,
821 2526 890 2605 post
915 2522 1008 2585 multa
1030 2521 1131 2605 praelia
1152 2522 1279 2585 traditus
1301 2534 1348 2585 est

290 2624 403 2689 Darius
417 2623 598 2701 Alexandro,
614 2628 645 2686 et
655 2623 747 2685 vitam
766 2622 854 2685 simul
869 2645 938 2686 cum
952 2645 1044 2707 regno
1061 2624 1218 2687 Persarum
1235 2624 1347 2687 linivit.

189 2791 192 2802 ,
290 2726 457 2809 Postquam
467 2725 562 2808 igitur
577 2729 698 2788 steterat
717 2746 770 2808 per
786 2728 847 2787 231
870 2748 974 2802 annos,
991 2726 1168 2811 adjunctum
1189 2733 1235 2789 est
1252 2748 1348 2809 regno

291 2827 505 2892 Macedonum.
550 2827 631 2890 item
646 2826 757 2911 Tyrum
774 2828 964 2911 expugnavit,
981 2835 1011 2891 et
1025 2828 1234 2893 Alexandriam
1252 2828 1350 2893 adiri-

290 2932 379 3010 cavit,
406 2938 437 2994 et
464 2930 577 2993 Porum
605 2951 706 3012 regem
735 2929 851 3013 dejecit,
880 2936 911 2993 et
937 2929 1089 2995 Orientem
1120 2929 1176 2993 sibi
1206 2929 1346 3015 subjecit.

291 3034 395 3104 Quum
419 3041 519 3097 autem
549 3032 620 3095 inde
647 3038 844 3095 reverteretur
870 3055 972 3095 versus
999 3032 1203 3110 Occidentem,
1231 3055 1348 3097 veneno

290 3138 441 3201 extinctus
471 3143 516 3200 cst
546 3140 607 3199 320
638 3156 718 3198 0000
748 3134 817 3197 vitae
844 3158 904 3199 snae
929 3141 958 3197 et
987 3137 1046 3198 120
1070 3156 1148 3197 anno
1174 3136 1257 3218 regni
1289 3136 1347 3199 sui.

324 3456 341 3487 ⁶
359 3454 424 3507 This
436 3452 514 3505 affair
530 3452 554 3504 is
569 3450 708 3504 described
723 3450 751 3502 in
767 3468 858 3521 avery
873 3452 998 3505 different
1012 3470 1123 3507 manner
1143 3455 1180 3525 by
1196 3455 1272 3526 Livy,
1286 3456 1348 3510 who

289 3541 382 3595 makes
402 3538 529 3592 Camillus
551 3546 578 3589 to
597 3537 666 3589 have
687 3536 829 3589 redeemed
849 3537 890 3589 his
914 3538 976 3607 city,
990 3548 1038 3590 not
1057 3540 1121 3591 with
1142 3540 1213 3609 gold,
1232 3541 1282 3594 bnt
1300 3544 1347 3599 tha

290 3626 387 3681 sword.
423 3624 480 3678 The
500 3624 582 3687 truth,
602 3623 734 3686 however,
754 3622 784 3687 is,
806 3622 865 3675 that
883 3622 927 3675 the
950 3623 1053 3693 Capitol
1075 3626 1105 3678 01
1119 3626 1165 3679 the
1186 3627 1279 3681 World
1292 3648 1347 3685 was

289 3714 370 3767 taken
382 3713 419 3782 by
429 3712 475 3765 the
489 3709 575 3761 Gallio
587 3708 750 3761 barbarians.
787 3708 863 3778 They
870 3708 938 3761 have
950 3709 1028 3777 again
1042 3710 1122 3763 taken
1134 3712 1156 3764 it
1167 3712 1195 3763 in
1209 3732 1257 3765 our
1270 3716 1347 3787 days,

292 3819 321 3853 as
335 3800 399 3869 they
411 3814 450 3850 no
461 3796 545 3849 doubt
557 3794 620 3847 took
632 3794 693 3847 itin
706 3794 751 3846 the
764 3794 827 3846 time
842 3794 874 3847 01
888 3794 1013 3845 Camillus
1025 3813 1032 3859 ;
1061 3796 1122 3859 and,
1137 3797 1208 3851 what
1220 3800 1241 3851 is
1252 3819 1346 3870 worse,

289 3888 335 3939 the
342 3885 454 3939 modern
465 3883 587 3935 Brennus
596 3880 651 3933 had
658 3898 694 3933 no
704 3897 800 3933 excuse
809 3880 852 3933 for
860 3880 902 3932 his
911 3880 1041 3944 invasion,
1052 3881 1097 3935 the
1108 3883 1216 3937 ancient
1223 3886 1349 3945 Brennus

289 3971 417 4026 marohed
429 3978 458 4022 to
469 3986 571 4037 avonge
586 3985 619 4020 an
634 3965 724 4018 insult.

324 4058 382 4111 'l'he
394 4055 523 4109 historiari
538 4053 665 4124 Polybius
682 4051 732 4103 has
748 4051 828 4120 given
841 4050 891 4104 the.
905 4059 1006 4103 correct
1016 4050 1117 4124 history
1131 4054 1162 4107 01
1174 4056 1218 4109 the
1231 4058 1304 4129 siege
1318 4063 1350 4115 01

290 4148 376 4199 Rome
396 4142 491 4213 hythe
513 4140 604 4192 Ganls.
639 4137 697 4190 The
709 4136 810 4208 history
822 4138 853 4189 01
868 4138 902 4190 its
915 4137 995 4207 seige,
1009 4137 1045 4207 hy
1058 4138 1102 4193 the
1124 4142 1233 4196 modern
1248 4149 1347 4216 repub·

289 4233 373 4285 licans
386 4230 409 4283 is
424 4248 440 4282 a
452 4236 520 4281 treat
531 4226 559 4279 in
572 4234 643 4279 store
655 4225 697 4278 sor
709 4225 797 4277 futura
811 4240 881 4293 ages.
1354 4236 1359 4243 ·
