3042 5134
350 503 413 566 128
759 501 906 564 Bonnam
928 499 1031 564 Nranr

343 668 384 733 ob
399 670 605 734 auotontatem
625 669 723 732 sancti
745 667 897 732 Ambrosii
911 689 973 732 suar
990 665 1120 732 civitatis
1136 665 1270 752 episcopi
1293 666 1442 731 retinenti-

344 771 410 836 bus.
455 773 539 836 Gens
556 770 718 835 Hunorum
733 769 877 835 Gothiam
891 777 996 835 vastat.

389 875 616 939 VMDLXXV.
673 874 803 938 Vernus
833 894 872 938 nr
900 874 1171 937 Vsunnrrumraus
1192 891 1443 936 martianaeum

527 997 625 1046 ausis
639 977 708 1040 XV:
736 977 812 1042 Non
828 997 870 1040 nn
886 995 1011 1040 sununs
1026 975 1271 1040 inauratorum.

385 1075 556 1144 Gratianus?
572 1079 653 1144 filios
673 1079 810 1143 Valentis
828 1101 898 1143 cum
918 1086 1002 1163 patre
1022 1086 1053 1142 et
1071 1079 1284 1142 Valentiniano
1304 1077 1441 1141 fratruele

341 1189 373 1246 et
393 1181 561 1245 Theodosio
582 1181 648 1246 filio
670 1203 759 1266 quem
781 1182 891 1246 orienti
914 1179 1057 1266 praefecit,
1081 1181 1226 1264 regnavit.
1271 1179 1441 1244 Catholicae

338 1283 407 1361 init,
430 1283 594 1358 modestus,
615 1285 775 1360 litteratus,
799 1282 926 1360 sobrius,
950 1290 1059 1346 castus.
1119 1281 1158 1346 ln
1179 1282 1310 1346 Francia
1339 1303 1440 1365 regua-
1506 1337 1507 1360 ,

342 1388 386 1450 vit
407 1387 513 1452 Olodio
534 1389 618 1452 iilius
638 1386 821 1453 Faramuudi
842 1389 894 1472 qui
925 1388 1108 1472 expugnavit
1130 1387 1336 1452 Cameracum.
1373 1386 1444 1449 Post
1506 1385 1507 1428 f

342 1512 432 1574 quem
461 1491 595 1574 regnavit
625 1490 798 1554 Meroretus
819 1513 836 1554 a
857 1512 917 1573 quo
940 1489 1048 1554 Monoi
1075 1489 1147 1554 dicti
1175 1499 1248 1552 sunt
1278 1489 1437 1572 Meroingi.
1506 1483 1507 1562 J

342 1591 529 1676 Burgundiae
551 1614 604 1656 rex
624 1592 663 1656 iit
684 1591 870 1657 Gundiocns.
904 1592 1067 1656 Gratianus
1082 1615 1100 1656 a
1116 1592 1301 1656 Maximiano
1318 1598 1441 1676 tyranno
1506 1601 1507 1676 s

342 1694 505 1758 Britanniae
540 1693 692 1778 Lugduno
732 1694 886 1758 occiditur.
943 1694 1081 1780 Synodns
1109 1693 1442 1778 comununopotitana
1506 1731 1507 1738 κ

343 1796 508 1862 celebratur
544 1798 600 1862 sub
632 1799 775 1864 Gratiano
805 1808 835 1864 et
864 1801 1004 1879 Damaso,
1035 1800 1087 1864 sed
1125 1801 1173 1864 hic
1202 1801 1353 1864 Damasus
1382 1822 1443 1864 nou

341 1901 402 1964 iuit
438 1901 592 1965 Romanam
626 1903 716 1987 Papa.
776 1902 857 1968 Nam
905 1911 979 1968 tunc
1014 1903 1370 1987 constantinopolitanus
1411 1923 1440 1966 se

344 2006 472 2090 primum
488 2003 644 2070 scribebat.

386 2107 649 2173 VMDLXXXII.
706 2110 893 2175 Garamans
930 2129 1104 2174 mannavrn
1142 2129 1236 2174 naurs
1265 2110 1287 2151 i
1297 2137 1308 2189 3
1341 2129 1443 2174 mnus

820 2214 993 2278 Vsunnms.

385 2311 615 2378 Valentinianus
627 2315 731 2399 junior
747 2321 817 2399 post
833 2323 960 2380 mortem
980 2315 1128 2381 fratruelis
1149 2315 1229 2398 iugit
1249 2315 1289 2379 ad
1308 2315 1443 2380 Theodo-

343 2413 422 2477 sium
436 2415 469 2478 in
489 2417 643 2481 orientem.
688 2417 892 2482 Maximianus
915 2421 997 2483 inter
1012 2420 1158 2505 Aquileiae
1173 2441 1275 2484 muros
1290 2421 1444 2484 occiditur.

343 2537 440 2599 quum
461 2524 531 2581 aute
550 2519 583 2582 iu
604 2517 693 2584 Italia
721 2521 944 2604 triumphasset,
971 2523 1053 2606 quod
1075 2523 1102 2586 ei
1134 2525 1264 2586 Sanetus
1293 2523 1446 2587 Martinus

341 2619 487 2702 praedixit
553 2620 637 2684 Sedit
668 2622 854 2702 Anastasius,
886 2625 937 2708 qui
966 2627 1124 2690 canonicos
1162 2625 1380 2690 Lateranenses
1408 2625 1442 2689 ab

341 2720 511 2785 obedientia
546 2721 691 2787 Lucensis
727 2726 858 2791 ecclesiae
895 2726 1033 2806 absolvit,
1071 2735 1103 2792 et
1142 2749 1180 2792 ne
1216 2728 1373 2792 sederetur
1409 2727 1443 2792 ad

340 2823 523 2906 evangelizam
538 2824 653 2888 statuit.
699 2826 930 2893 Valentinianus
952 2829 1078 2894 Viennae
1094 2829 1246 2894 occubuit.
1294 2831 1444 2917 Hierony·

344 2945 413 2986 mus
427 2923 593 3009 Presbyter.

405 3025 682 3094 VMDLXXXIX.
742 3032 1008 3098 Vaunumruanus
1037 3053 1213 3098 laruarum
1240 3055 1341 3100 mirus
1370 3037 1445 3114 VII,

703 3154 808 3198 rmus
822 3135 1073 3200 Vsunnmruaru.

386 3231 485 3296 (lieret
500 3233 653 3299 Johanues
680 3236 859 3302 anachorita.
904 3239 989 3302 Sedit
1014 3239 1210 3303 Innocentius
1232 3261 1292 3322 quo
1311 3240 1444 3324 synodus

344 3333 676 3420 Constantinopolitanae
704 3340 809 3421 quinta
843 3339 1009 3404 celebratur
1037 3347 1141 3404 contra
1170 3340 1386 3406 Macedonium
1416 3349 1445 3406 et

345 3435 539 3500 Eunominm.
584 3440 781 3505 Innocentius
811 3443 917 3506 statuit
946 3443 1081 3507 osculum
1110 3443 1148 3507 ud
1177 3444 1296 3508 missam
1321 3444 1387 3508 dari
1414 3445 1444 3507 in

341 3537 408 3600 loco
439 3539 634 3605 Eucharistiae
663 3545 774 3626 quiin
800 3547 951 3629 primitiva
974 3547 1095 3611 ecclesia
1130 3545 1271 3610 omuibus
1309 3547 1443 3631 qnotidie

341 3637 476 3702 dabatur.
551 3641 735 3709 Theodosius
771 3648 955 3712 Archadium
990 3649 1090 3714 lilium
1125 3649 1233 3712 orienti
1269 3651 1441 3734 praeposuit,

343 3740 512 3804 Houorium
535 3742 640 3822 Italiae,
664 3746 779 3826 Galliae,
806 3749 923 3828 Africa,
954 3757 985 3814 et
1013 3757 1082 3836 post
1111 3749 1287 3829 Mediolani,
1309 3754 1443 3815 moritur.

342 3843 481 3908 Biaantio
510 3846 681 3926 translatus,
709 3851 756 3913 vir
784 3852 955 3930 munificus,
985 3853 1101 3917 eiinsus
1124 3853 1158 3916 in
1187 3873 1300 3930 omnes,
1331 3853 1439 3917 sedin

342 3967 412 4010 suos
442 3948 560 4012 dormit.
619 3950 701 4034 Lege
731 3952 800 4017 data
822 3956 913 4039 jussit
941 3955 1052 4040 templa
1081 3956 1228 4019 idolorum
1258 3955 1324 4019 solo
1354 3969 1441 4020 tenus

482 4168 498 4197 ⁸
509 4166 567 4219 The
579 4168 664 4238 figure
676 4175 693 4223 6
704 4171 728 4223 is
740 4173 858 4226 inserted
870 4175 899 4228 in
911 4175 957 4228 tha
970 4175 1029 4228 MS.
1048 4177 1085 4245 by
1097 4193 1114 4228 a
1124 4177 1196 4229 later
1207 4175 1291 4230 band.

1504 2223 1507 2274 i
