3042 5134
515 508 708 575 ὒιιιοιιῐωιι
732 508 763 577 Ι.
1139 512 1182 585 bb

83 674 575 763 wdpmmmoegeannoia
627 676 1186 752 PrmoeatautemoomeaRieardm

82 778 224 844 Pietariie
253 801 362 845 omnes
388 780 422 844 iu
446 778 617 865 maipienda
642 780 758 860 Omoe3
783 780 836 845 aad
863 782 993 849 Diabolo
1021 785 1185 871 instigante

78 888 177 946 ortum
201 889 262 961 est,
291 883 370 947 deut
392 883 486 967 prius,
510 903 600 966 gravo
624 882 782 949 dissidium
810 884 888 949 iuter
914 908 984 951 sum
1011 894 1042 952 et
1065 898 1179 975 patrem

80 990 177 1062 sauna
192 1006 230 1049 ea
245 985 404 1050 oaoaaione
413 983 495 1069 quod
509 982 681 1049 Jobannem
695 985 841 1050 minorem
862 987 983 1053 fratrem
998 1012 1086 1055 suam
1110 992 1182 1057 sub

78 1086 180 1151 limare
194 1087 297 1153 voluit
320 1089 353 1151 in
379 1110 515 1172 regnum,
531 1109 567 1151 eo
592 1088 752 1172 praeterito,
783 1089 832 1153 eui
856 1089 983 1175 dejure
1008 1091 1183 1161 debebatur.

79 1189 177 1254 Naeto
192 1191 294 1276 igitur
304 1190 454 1275 odjum
468 1190 547 1274 regis
560 1190 702 1269 Francia,
717 1190 797 1275 oepit
814 1190 1055 1273 Cenomannum,
1075 1196 1181 1282 iugata

76 1300 179 1377 patre,-
193 1305 227 1359 et
251 1294 414 1370 Turonem,
439 1299 561 1377 patrem·
587 1293 687 1376 ipsum
709 1292 941 1378 interoepturus,
957 1302 992 1359 ut
1018 1296 1184 1379 dicebatur,

76 1396 134 1459 nisi
147 1397 245 1461 eitius
260 1396 300 1461 ad
316 1395 501 1460 voluntatem
513 1396 593 1478 regis
607 1394 740 1459 Francia
755 1398 1015 1480 compromisisset.
1060 1400 1185 1465 Condu-

80 1495 172 1563 ebant
185 1499 274 1562 enim
301 1518 405 1561 omnes
429 1503 568 1583 potamos
582 1503 668 1561 tore
690 1496 730 1560 ad
746 1497 886 1563 comitem
911 1499 1081 1578 Ricardum,
1107 1502 1182 1567 dum

74 1608 315 1685 prosperaretur,
348 1607 380 1665 et
397 1600 462 1685 ipso
483 1600 573 1665 etiam
603 1599 767 1678 Johauues,
798 1601 903 1667 relicto
936 1608 1027 1688 patre,
1056 1604 1109 1689 qui
1130 1625 1186 1691 pro

77 1722 111 1765 ao
152 1700 323 1781 laboraret,
351 1702 471 1766 aollusit
503 1724 574 1765 aum
608 1702 699 1765 fratre
734 1724 799 1766 auo.
844 1703 915 1775 Quo
945 1704 1058 1785 audito,
1091 1715 1186 1793 pater,

79 1802 260 1870 iniinnitate
285 1812 447 1889 eorreptus,
462 1804 582 1887 praeire
596 1803 742 1871 etdolore
759 1805 806 1888 (ut
830 1806 952 1891 dieitur)
978 1816 1115 1875 mortuus
1130 1817 1186 1877 est

79 1905 122 1969 lit
140 1908 289 1973 suoeesait
309 1930 408 1971 eomes
430 1905 574 1971 Ricardua
594 1906 627 1969 in
654 1927 758 1991 regno.
813 1908 916 1973 Exivit
930 1916 962 1975 et
985 1910 1023 1974 da
1037 1912 1183 1991 custodia,

79 2006 112 2071 in
137 2027 200 2094 qna
224 2010 340 2075 diutins
367 2015 557 2087 emarcuerat,
585 2007 694 2073 nobilia
708 2011 812 2094 regina
830 2012 960 2089 Alianor,
984 2013 1065 2077 diota
1078 2016 1186 2099 aquila

78 2112 308 2198 nptifoederia,
321 2119 353 2177 et
365 2111 496 2177 cucurrit
509 2112 543 2175 in
556 2111 612 2175 viis
626 2112 748 2175 amandi
761 2112 862 2177 mariti
891 2114 947 2191 sui,
964 2115 1016 2199 qui
1057 2117 1186 2181 maximo

81 2217 254 2282 novissimis
265 2216 370 2281 diebus
384 2216 448 2281 sais
459 2216 614 2281 variatam
627 2224 658 2280 et
668 2216 847 2300 pudicitiam
858 2220 969 2301 pariter
986 2218 1186 2303 [exeolebat].

80 2317 121 2383 ln
148 2320 199 2385 bis
226 2320 332 2385 diebus
358 2321 534 2404 elanguerat
557 2318 717 2403 plurimum
733 2328 830 2384 status
859 2320 1001 2385 Ecclesiae
1028 2342 1046 2384 a
1075 2328 1188 2406 papatu

78 2421 244 2489 Alexandri
257 2424 367 2507 quarti,
381 2421 511 2486 deterius
526 2444 621 2505 usque
634 2422 668 2485 in
681 2428 817 2507 tempora
834 2428 936 2486 nostra
949 2422 1084 2502 assidue,
1107 2425 1187 2490 deut

82 2524 183 2609 plures
199 2535 322 2593 narrant
344 2525 484 2589 historiae.
539 2524 717 2589 Frederieus
735 2525 826 2603 enim,
841 2524 1005 2609 imperator
1018 2524 1187 2605 Romanus,

81 2630 133 2712 qui
158 2638 296 2714 tempore
310 2627 472 2693 Alexandri
484 2649 580 2712 papas,
608 2627 710 2693 deoem
723 2636 756 2692 et
769 2634 883 2713 septem
894 2628 981 2692 annis
995 2628 1078 2713 gravi
1092 2630 1186 2696 achia

83 2739 163 2797 mate
176 2732 320 2797 diviserat
335 2730 511 2808 Ecclesiam,
534 2737 668 2815 tempore
682 2730 797 2795 Urbani
826 2752 912 2816 papoe
927 2729 1045 2797 obsedit
1059 2755 1135 2812 eam,
1150 2756 1186 2800 eo

85 2835 167 2917 quod
189 2857 254 2899 non
279 2832 528 2898 conroderetnrei
543 2833 744 2917 privilegium,
761 2840 796 2897 ut
809 2834 842 2897 iu
857 2832 940 2897 omni
954 2832 1099 2899 electione
1110 2836 1188 2921 epis-

87 2937 154 3021 oopi
180 2936 230 3001 vel
255 2935 371 3001 abbatis
398 2935 597 3013 diaoordante,
621 2936 686 3019 ipse
711 2935 751 3000 ad
777 2934 934 3000 arbitrium
960 2958 1049 3002 suum
1065 2937 1189 3023 eligeret

86 3036 225 3105 abbatam
238 3038 285 3104 rel
299 3038 480 3124 episcopum.
526 3036 671 3103 Turbavit
684 3038 779 3121 igitur
793 3045 927 3123 tempore
941 3062 997 3104 auo
1011 3039 1187 3119 lindesiam,

88 3140 186 3208 donee
199 3150 353 3228 assumpta
374 3142 613 3228 peregrinatione
635 3142 762 3207 tendens
778 3142 1030 3226 Hierosolymam,
1053 3142 1189 3207 substitit

86 3246 169 3330 apud
188 3245 496 3331 Constantinopolim,
508 3263 657 3329 ooeupans
672 3245 849 3311 Romaniam
864 3251 894 3309 et
909 3243 1050 3309 obsidens
1064 3244 1192 3328 pradia·

86 3349 330 3427 tamoiritatem,
347 3349 417 3433 quia
441 3348 688 3434 peregrinationis
703 3370 765 3412 suaa
790 3370 853 3412 non
877 3346 1041 3412 invenisset
1063 3346 1188 3413 liberam

83 3452 173 3517 viam.
226 3449 287 3516 Sed
300 3459 332 3516 et
345 3451 451 3517 eodem
463 3451 659 3536 temporeille
672 3473 735 3528 rex,
748 3450 806 3515 aab
821 3474 882 3535 quo
895 3472 1000 3535 passus
1026 3457 1073 3515 est
1086 3448 1192 3515 Ιιοιιιιιι

88 3552 220 3619 llromas
233 3554 345 3640 martyr
369 3554 549 3639 anglorum,
564 3553 693 3639 pecunia
706 3575 761 3617 sua
771 3558 940 3637 captaverat
954 3552 1067 3618 coriam
1082 3554 1191 3618 Roma·

86 3676 173 3735 narn,
182 3655 259 3721 adeo
271 3663 306 3721 ut
319 3656 353 3720 in
367 3656 505 3722 eeclesias
519 3678 582 3721 aaa
598 3655 754 3741 potestatis
763 3654 840 3719 nihil
852 3655 938 3719 fieret
953 3656 1010 3719 nisi
1026 3656 1106 3740 quod
1122 3655 1188 3740 ipso

88 3758 276 3824 dotatetvel
289 3758 370 3844 quod
384 3760 538 3825 innueret·
555 3760 596 3824 In
619 3779 679 3843 quo
705 3758 900 3823 ooniirmatus
923 3764 969 3822 est
994 3758 1021 3823 ei
1047 3758 1108 3823 iera
1121 3757 1190 3822 uni·

86 3884 189 3927 versus
203 3862 307 3928 Clarus
321 3867 407 3927 terrae
422 3884 494 3928 snae.
561 3861 653 3933 Quod
682 3860 835 3945 sialiquid
850 3866 1015 3925 occurreret
1030 3859 1111 3944 quod
1125 3881 1192 3923 erus

89 3962 232 4043 breomet,
246 3970 300 4029 aut
323 3984 386 4029 non
410 3971 512 4051 posset
534 3964 643 4029 idonee
667 3963 772 4041 iaoere,
799 3962 895 4028 auoito
917 3961 1016 4047 legato
1041 3960 1080 4025 ad
1103 3980 1191 4026 suum

88 4068 254 4146 arbitrium,
268 4084 324 4152 per
335 4066 538 4153 Apostolioam
562 4067 690 4131 demum·
706 4065 923 4141 auetoritatam,
949 4061 1093 4149 implebat
1106 4083 1192 4127 snam

87 4171 281 4238 voluntatem.
337 4168 428 4236 Unde
454 4171 544 4236 etiam
558 4192 611 4255 per
624 4166 796 4255 hujusmodi
820 4166 978 4252 legationis
1000 4164 1144 4245 officium,
1160 4166 1193 4233 in
