3042 5134
342 551 380 612 32
722 547 867 612 Ranuxrr
905 548 1009 612 Nroar

338 723 467 788 stantius
495 743 564 786 vero
600 728 631 787 st
661 722 799 788 Galerius
828 723 1031 787 Maximianus
1059 723 1150 808 primi
1177 723 1335 810 imperinm
1363 720 1395 788 in

338 825 492 891 Orientem
522 831 552 888 et
579 824 776 890 Occidentem
803 823 861 890 sibi
888 825 1063 905 diviserunt,
1089 833 1121 890 ct
1149 827 1283 911 quinque
1310 827 1395 891 aunis

338 927 449 1012 pariter
460 933 667 1012 regnaverunt.
713 927 798 992 Fecit
812 934 910 992 autem
928 927 1066 993 Galerius
1086 928 1120 992 in
1139 935 1225 1014 purte
1245 951 1300 992 sua
1321 927 1395 993 duos

337 1033 478 1110 Cesarea
493 1033 525 1096 in
541 1032 629 1096 ltalia
646 1031 800 1110 Severum,
815 1032 849 1096 in
863 1031 988 1096 Oriente
1010 1031 1219 1096 Maximinum.
1256 1031 1395 1096 Galerius

335 1157 406 1198 vero
421 1136 563 1220 praecepit
574 1134 686 1219 templa
696 1135 829 1199 Deorum
843 1134 936 1213 reiiei,
946 1141 977 1198 at
988 1134 1173 1199 Christianos
1185 1134 1286 1199 deleri.
1331 1134 1393 1198 snb

333 1259 372 1302 eo
386 1261 491 1323 passus
506 1244 551 1302 est
566 1239 598 1300 in
613 1235 795 1301 Alexandria
815 1237 933 1315 Petrus,
949 1237 995 1301 vir
1016 1237 1157 1322 inclytus,
1173 1243 1205 1302 et
1225 1237 1277 1301 alii
1295 1237 1392 1301 multi.

335 1340 529 1405 Constantius
554 1362 623 1404 vero
642 1340 746 1403 mitius
770 1361 803 1403 se
823 1338 961 1417 habebat,
977 1347 1009 1403 et
1027 1339 1120 1404 iidem
1140 1339 1253 1404 Christi
1274 1361 1394 1403 venera·

335 1441 434 1523 batur,
448 1451 478 1508 et
489 1442 628 1529 parcebat
636 1442 825 1507 Christianis.
870 1440 962 1505 Unde
976 1448 1007 1506 et
1017 1443 1049 1506 iu
1061 1441 1140 1505 brevi
1152 1442 1283 1526 priorum
1296 1463 1392 1526 perse-

337 1553 503 1629 quutorum
535 1545 663 1631 perditio
694 1544 885 1628 supervenit3
921 1566 1015 1629 quum
1045 1533 1248 1608 Dioclesianus
1278 1544 1394 1608 Salonae

336 1645 461 1724 interiit,
477 1653 509 1710 st
523 1646 723 1711 Maximianus
748 1647 950 1711 Herculianas
972 1648 1089 1712 occisus
1104 1654 1159 1726 est,
1175 1655 1207 1712 et
1220 1647 1348 1712 Severus
1361 1647 1395 1711 in

337 1749 426 1813 Italia
441 1755 622 1834 peremptus.

380 1851 573 1915 Constantius
607 1851 703 1934 igitur
732 1851 812 1934 apud
847 1850 1015 1915 Eboracum
1052 1849 1205 1916 Licinium
1243 1851 1393 1916 ordinavit

335 1950 482 2016 Caesarem
498 1952 721 2037 Hispaniarum,
738 1961 770 2016 et
783 1951 1013 2017 Constantinum
1029 1953 1128 2016 lilium
1142 1975 1231 2018 suum
1246 1953 1391 2017 Qarem

337 2054 511 2118 Galliarum.

379 2157 424 2220 Eo
451 2166 582 2241 tempore
609 2157 712 2221 Romae
741 2155 918 2220 Marcellino
944 2156 1087 2221 successit
1112 2156 1283 2235 Marcellus,
1308 2164 1340 2222 et
1364 2158 1393 2222 ei

335 2259 493 2338 Eusebius,
509 2269 540 2324 et
558 2261 602 2324 illi
625 2260 817 2336 Melchiades,
835 2266 865 2324 et
884 2267 953 2344 post
972 2280 1039 2324 enm
1064 2259 1206 2325 Silvester
1222 2261 1320 2326 factus
1345 2270 1391 2327 est

335 2363 511 2449 Episcopum,
528 2365 580 2448 qui
596 2363 825 2428 Constantinum
840 2361 1011 2447 baptizavit,
1027 2372 1058 2427 et
1078 2363 1230 2449 privilegia
1248 2364 1391 2429 &manae

335 2468 466 2532 ecclesis
510 2469 628 2544 meruit,
666 2473 697 2530 et
732 2467 953 2530 Eucharistiam
991 2466 1025 2529 in
1059 2465 1140 2530 lineo
1174 2467 1391 2532 corriioiendam

335 2569 475 2642 instituit,
492 2576 523 2633 et
538 2575 624 2633 usum
641 2568 806 2632 dalmaticae
828 2569 967 2653 repperit.
1012 2567 1228 2633 Constantinus
1246 2570 1339 2654 igitur
1357 2570 1390 2635 iu

336 2671 491 2735 Britannia
506 2673 667 2757 imperator
680 2670 788 2748 factus,
801 2671 957 2755 imperavit
971 2671 1057 2735 annis
1072 2673 1113 2735 30
1130 2677 1160 2734 et
1175 2670 1305 2736 duobus.
1350 2673 1390 2738 In

330 2773 458 2838 Oriente
472 2795 541 2837 vero
557 2773 693 2857 regnavit
708 2771 910 2837 Maximianus
926 2771 1073 2851 Galerius,
1089 2773 1142 2858 qui
1157 2793 1218 2839 non
1232 2775 1358 2840 cassavit
1371 2797 1390 2841 a

333 2877 562 2961 persequutione
577 2875 822 2940 Christianorum.
868 2875 917 2940 Ob
931 2895 997 2939 eam
1007 2875 1086 2939 enim
1099 2898 1218 2941 causam
1230 2899 1389 2962 persequo-

333 2978 450 3042 toribus
461 3001 565 3043 eorum
580 2978 706 3042 honores
718 2977 855 3054 eontulit,
868 2983 899 3041 et
914 2977 1069 3042 simrrlacra
1084 2985 1114 3042 et
1127 2979 1240 3064 templa
1254 2979 1388 3046 Deorum

333 3081 473 3159 restituit,
484 3090 514 3145 et
528 3081 695 3146 sacerdotes
710 3080 821 3166 posuit,
832 3087 862 3142 et
877 3080 919 3144 eis
934 3081 1038 3144 salaria
1052 3081 1218 3145 constituit.
1246 3074 1390 3147 'Domum

333 3189 434 3248 tamen
456 3183 556 3248 subito
577 3183 690 3248 iullatis
713 3182 884 3260 visceribus,
909 3182 1021 3247 tistulis
1043 3184 1211 3268 purulentis
1240 3185 1389 3249 cruciatus

333 3296 379 3350 est
388 3315 397 3366 3
420 3287 501 3351 unde
514 3288 659 3352 vermium
674 3285 838 3349 multitudo
855 3284 996 3349 scatebat.
1054 3285 1273 3350 Deficientibus
1295 3287 1390 3370 igitur

333 3388 465 3465 medicis,
487 3389 629 3453 Divinam
651 3410 714 3451 esse
734 3387 896 3452 vindictam
918 3387 1085 3467 intellexit3
1116 3396 1148 3451 et
1170 3387 1239 3451 ideo
1256 3387 1389 3453 edictum

332 3490 533 3574 promulgavit
555 3490 592 3554 de
619 3489 831 3574 compescenda
849 3489 1089 3573 persequutione.
1134 3488 1297 3573 Displicnit
1317 3511 1387 3554 vero

332 3591 464 3655 edictum
479 3592 643 3656 Maximino
657 3592 691 3656 iu
705 3591 840 3676 partibus
854 3591 1008 3670 Orientis;
1039 3597 1071 3655 et
1091 3591 1217 3655 cessavit
1237 3592 1387 3675 quassatio

333 3717 386 3780 per
400 3694 450 3760 VI
465 3717 590 3759 menses.
635 3696 744 3759 Postea
758 3717 829 3759 vero
849 3694 951 3758 saevire
972 3695 1072 3779 coepit,
1088 3693 1242 3758 occasione
1255 3700 1385 3778 accepta,

334 3797 415 3883 quod
424 3798 593 3862 seductores
604 3793 1040 3861 mentirentnrJovisAmicalis
1049 3795 1240 3858 simulacrum
1249 3802 1389 3880 portenta

332 3902 468 3986 quaedam
482 3900 585 3965 fecisse
597 3906 627 3964 et
637 3921 779 3985 responsa
791 3897 916 3976 dedisse,
925 3919 965 3961 ne
979 3897 1141 3961 Christiani
1152 3897 1287 3962 civitates
1301 3897 1388 3961 inha-

332 4004 471 4070 bitarent.
516 4003 695 4088 Legationes
726 4024 845 4087 quoque
877 4001 960 4065 misit
987 4006 1093 4064 contra
1124 3999 1320 4077 Christianos,
1355 4006 1390 4063 nt

331 4107 429 4171 denuo
445 4106 621 4170 excitaretur
635 4104 742 4169 seditio
752 4131 763 4183 3
795 4113 825 4168 et
847 4101 970 4168 ludices
992 4101 1187 4186 provinciales
1211 4101 1306 4166 multa
1329 4100 1388 4164 Ec·

330 4210 428 4274 clesiae
457 4209 634 4274 detrimenta
656 4207 835 4272 intulerunt.
880 4206 968 4270 Ilalsa
993 4225 1114 4289 qnoque
1142 4211 1208 4269 acta
1229 4204 1266 4269 de
1291 4210 1387 4267 morte

330 4312 441 4376 Christi
457 4334 508 4396 per
523 4310 688 4395 provincias
702 4310 837 4374 iecerunt
850 4307 1008 4394 propalari,
1020 4313 1051 4371 et
1062 4313 1229 4372 commenta
1249 4303 1387 4388 quaedam
