<?xml version="1.0" encoding="UTF-8"?>
<!DOCTYPE html PUBLIC "-//W3C//DTD XHTML 1.0 Transitional//EN"
    "http://www.w3.org/TR/xhtml1/DTD/xhtml1-transitional.dtd">
<html xmlns="http://www.w3.org/1999/xhtml" xml:lang="en" lang="en">
 <head>
  <title>
</title>
<meta http-equiv="Content-Type" content="text/html;charset=utf-8" />
  <meta name='ocr-system' content='tesseract 3.04.00' />
  <meta name='ocr-capabilities' content='ocr_page ocr_carea ocr_par ocr_line ocrx_word'/>
</head>
<body>
  <div class='ocr_page' id='page_1' title='image "./radulfinigrichr00cogggoog_0202.png"; bbox 0 0 3042 5134; ppageno 0'>
   <div class='ocr_carea' id='block_1_1' title="bbox 492 508 1208 576">
    <p class='ocr_par' dir='ltr' id='par_1_1' title="bbox 492 508 1208 576">
     <span class='ocr_line' id='line_1_1' title="bbox 492 508 1208 576; baseline 0.006 -4"><span class='ocrx_word' id='word_1_1' title='bbox 492 508 680 572; x_wconf 75' lang='lat' dir='ltr'>Cnaomcon</span> <span class='ocrx_word' id='word_1_2' title='bbox 699 508 744 572; x_wconf 86' lang='grc' dir='ltr'>ΙΙ.</span> <span class='ocrx_word' id='word_1_3' title='bbox 1149 514 1208 576; x_wconf 79' lang='grc'>187</span> 
     </span>
    </p>
   </div>
   <div class='ocr_carea' id='block_1_2' title="bbox 154 665 1212 762">
    <p class='ocr_par' dir='ltr' id='par_1_2' title="bbox 154 665 1212 762">
     <span class='ocr_line' id='line_1_2' title="bbox 154 665 1212 762; baseline 0.005 -23"><span class='ocrx_word' id='word_1_4' title='bbox 154 673 306 741; x_wconf 90' lang='lat' dir='ltr'>Robertus</span> <span class='ocrx_word' id='word_1_5' title='bbox 320 666 390 760; x_wconf 86' lang='lat' dir='ltr'>ergo</span> <span class='ocrx_word' id='word_1_6' title='bbox 405 676 578 742; x_wconf 79' lang='lat' dir='ltr'>valefaciens</span> <span class='ocrx_word' id='word_1_7' title='bbox 593 678 694 754; x_wconf 89' lang='lat' dir='ltr'>sorori,</span> <span class='ocrx_word' id='word_1_8' title='bbox 709 665 807 740; x_wconf 89' lang='lat' dir='ltr'>ductis</span> <span class='ocrx_word' id='word_1_9' title='bbox 822 697 923 740; x_wconf 87' lang='lat' dir='ltr'>seeum</span> <span class='ocrx_word' id='word_1_10' title='bbox 945 674 1105 755; x_wconf 91' lang='lat' dir='ltr'>obsidibus,</span> <span class='ocrx_word' id='word_1_11' title='bbox 1122 699 1212 762; x_wconf 87' lang='lat' dir='ltr'>quam</span> 
     </span>
    </p>
   </div>
   <div class='ocr_carea' id='block_1_3' title="bbox 107 778 1324 864">
    <p class='ocr_par' dir='ltr' id='par_1_3' title="bbox 107 778 1324 864">
     <span class='ocr_line' id='line_1_3' title="bbox 107 778 1324 864; baseline 0.005 -25"><span class='ocrx_word' id='word_1_12' title='bbox 107 778 203 840; x_wconf 89' lang='lat' dir='ltr'>citius</span> <span class='ocrx_word' id='word_1_13' title='bbox 231 778 330 860; x_wconf 90' lang='lat' dir='ltr'>potuit</span> <span class='ocrx_word' id='word_1_14' title='bbox 365 778 528 842; x_wconf 86' lang='lat' dir='ltr'>Oadomum</span> <span class='ocrx_word' id='word_1_15' title='bbox 553 779 643 856; x_wconf 88' lang='lat' dir='ltr'>venit,</span> <span class='ocrx_word' id='word_1_16' title='bbox 669 779 867 861; x_wconf 76' lang='lat' dir='ltr'>comitemque</span> <span class='ocrx_word' id='word_1_17' title='bbox 891 778 1137 862; x_wconf 81' lang='lat' dir='ltr'>Andagavenscm</span> <span class='ocrx_word' id='word_1_18' title='bbox 1160 802 1213 864; x_wconf 91' lang='lat' dir='ltr'>per</span> <span class='ocrx_word' id='word_1_19' title='bbox 1322 855 1324 860; x_wconf 21' lang='lat'><strong><em>¹</em></strong></span> 
     </span>
    </p>
   </div>
   <div class='ocr_carea' id='block_1_4' title="bbox 34 878 1220 4228">
    <p class='ocr_par' dir='ltr' id='par_1_4' title="bbox 34 878 1214 1676">
     <span class='ocr_line' id='line_1_4' title="bbox 106 878 1211 965; baseline 0.006 -26"><span class='ocrx_word' id='word_1_20' title='bbox 106 879 241 941; x_wconf 85' lang='lat' dir='ltr'>nuncios</span> <span class='ocrx_word' id='word_1_21' title='bbox 256 879 415 942; x_wconf 80' lang='lat' dir='ltr'>accersivit.</span> <span class='ocrx_word' id='word_1_22' title='bbox 461 879 552 942; x_wconf 81' lang='lat' dir='ltr'>Venit</span> <span class='ocrx_word' id='word_1_23' title='bbox 565 878 616 942; x_wconf 92' lang='lat' dir='ltr'>ille</span> <span class='ocrx_word' id='word_1_24' title='bbox 630 901 691 942; x_wconf 92' lang='lat' dir='ltr'>non</span> <span class='ocrx_word' id='word_1_25' title='bbox 706 884 898 962; x_wconf 79' lang='lat' dir='ltr'>aspernanter</span> <span class='ocrx_word' id='word_1_26' title='bbox 912 889 942 943; x_wconf 89' lang='lat' dir='ltr'>et</span> <span class='ocrx_word' id='word_1_27' title='bbox 953 881 1061 945; x_wconf 88' lang='lat' dir='ltr'>auditae</span> <span class='ocrx_word' id='word_1_28' title='bbox 1069 880 1211 965; x_wconf 88' lang='lat' dir='ltr'>legationi</span> 
     </span>
     <span class='ocr_line' id='line_1_5' title="bbox 34 979 1211 1066; baseline 0.004 -24"><span class='ocrx_word' id='word_1_29' title='bbox 34 1030 37 1035; x_wconf 91' lang='lat'>.</span> <span class='ocrx_word' id='word_1_30' title='bbox 107 979 212 1042; x_wconf 90' lang='lat' dir='ltr'>multa</span> <span class='ocrx_word' id='word_1_31' title='bbox 226 980 435 1063; x_wconf 86' lang='lat' dir='ltr'>impedimenta</span> <span class='ocrx_word' id='word_1_32' title='bbox 450 980 566 1064; x_wconf 89' lang='lat' dir='ltr'>objecit,</span> <span class='ocrx_word' id='word_1_33' title='bbox 591 989 626 1043; x_wconf 89' lang='lat' dir='ltr'>ut</span> <span class='ocrx_word' id='word_1_34' title='bbox 649 981 797 1065; x_wconf 90' lang='lat' dir='ltr'>superius,</span> <span class='ocrx_word' id='word_1_35' title='bbox 821 981 873 1044; x_wconf 87' lang='lat' dir='ltr'>scd</span> <span class='ocrx_word' id='word_1_36' title='bbox 893 1003 1000 1059; x_wconf 83' lang='lat' dir='ltr'>comes,</span> <span class='ocrx_word' id='word_1_37' title='bbox 1021 988 1056 1046; x_wconf 89' lang='lat' dir='ltr'>ut</span> <span class='ocrx_word' id='word_1_38' title='bbox 1072 982 1211 1066; x_wconf 86' lang='lat' dir='ltr'>Audega·</span> 
     </span>
     <span class='ocr_line' id='line_1_6' title="bbox 106 1081 1209 1159; baseline 0.003 -15"><span class='ocrx_word' id='word_1_39' title='bbox 106 1103 234 1144; x_wconf 89' lang='lat' dir='ltr'>vensem</span> <span class='ocrx_word' id='word_1_40' title='bbox 248 1082 329 1144; x_wconf 93' lang='lat' dir='ltr'>omni</span> <span class='ocrx_word' id='word_1_41' title='bbox 343 1081 495 1145; x_wconf 84' lang='lat' dir='ltr'>occasione</span> <span class='ocrx_word' id='word_1_42' title='bbox 519 1082 654 1159; x_wconf 91' lang='lat' dir='ltr'>nudaret,</span> <span class='ocrx_word' id='word_1_43' title='bbox 671 1104 740 1145; x_wconf 91' lang='lat' dir='ltr'>eum</span> <span class='ocrx_word' id='word_1_44' title='bbox 766 1104 801 1145; x_wconf 90' lang='lat' dir='ltr'>eo</span> <span class='ocrx_word' id='word_1_45' title='bbox 822 1081 924 1145; x_wconf 91' lang='lat' dir='ltr'>decem</span> <span class='ocrx_word' id='word_1_46' title='bbox 946 1082 1065 1146; x_wconf 88' lang='lat' dir='ltr'>castella</span> <span class='ocrx_word' id='word_1_47' title='bbox 1084 1082 1116 1147; x_wconf 89' lang='lat' dir='ltr'>iu</span> <span class='ocrx_word' id='word_1_48' title='bbox 1130 1083 1209 1147; x_wconf 92' lang='lat' dir='ltr'>Nor·</span> 
     </span>
     <span class='ocr_line' id='line_1_7' title="bbox 106 1183 1209 1267; baseline 0.004 -22"><span class='ocrx_word' id='word_1_49' title='bbox 106 1184 234 1246; x_wconf 75' lang='lat' dir='ltr'>mannia</span> <span class='ocrx_word' id='word_1_50' title='bbox 267 1183 458 1267; x_wconf 88' lang='lat' dir='ltr'>expugnavit.</span> <span class='ocrx_word' id='word_1_51' title='bbox 506 1183 734 1266; x_wconf 70' lang='lat' dir='ltr'>studegavensis</span> <span class='ocrx_word' id='word_1_52' title='bbox 761 1206 832 1247; x_wconf 91' lang='lat' dir='ltr'>vero</span> <span class='ocrx_word' id='word_1_53' title='bbox 870 1190 900 1247; x_wconf 89' lang='lat' dir='ltr'>et</span> <span class='ocrx_word' id='word_1_54' title='bbox 935 1184 1006 1247; x_wconf 88' lang='lat' dir='ltr'>alias</span> <span class='ocrx_word' id='word_1_55' title='bbox 1043 1187 1209 1250; x_wconf 79' lang='lat' dir='ltr'>occasiones</span> 
     </span>
     <span class='ocr_line' id='line_1_8' title="bbox 107 1285 1213 1370; baseline 0.005 -22"><span class='ocrx_word' id='word_1_56' title='bbox 107 1285 262 1369; x_wconf 82' lang='lat' dir='ltr'>prioribus</span> <span class='ocrx_word' id='word_1_57' title='bbox 287 1285 394 1348; x_wconf 90' lang='lat' dir='ltr'>solutis</span> <span class='ocrx_word' id='word_1_58' title='bbox 417 1285 581 1349; x_wconf 89' lang='lat' dir='ltr'>substituit.</span> <span class='ocrx_word' id='word_1_59' title='bbox 628 1285 738 1370; x_wconf 89' lang='lat' dir='ltr'>Magni</span> <span class='ocrx_word' id='word_1_60' title='bbox 752 1307 834 1363; x_wconf 61' lang='lat' dir='ltr'>vsane</span> <span class='ocrx_word' id='word_1_61' title='bbox 859 1286 925 1349; x_wconf 92' lang='lat' dir='ltr'>loco</span> <span class='ocrx_word' id='word_1_62' title='bbox 954 1285 1091 1350; x_wconf 78' lang='lat' dir='ltr'>beneficii</span> <span class='ocrx_word' id='word_1_63' title='bbox 1115 1287 1213 1352; x_wconf 83' lang='lat' dir='ltr'>filium</span> 
     </span>
     <span class='ocr_line' id='line_1_9' title="bbox 109 1388 1214 1475; baseline 0 -23"><span class='ocrx_word' id='word_1_64' title='bbox 109 1411 201 1452; x_wconf 89' lang='lat' dir='ltr'>suum</span> <span class='ocrx_word' id='word_1_65' title='bbox 218 1411 254 1452; x_wconf 82' lang='lat' dir='ltr'>ex</span> <span class='ocrx_word' id='word_1_66' title='bbox 269 1388 456 1472; x_wconf 81' lang='lat' dir='ltr'>imperatrice</span> <span class='ocrx_word' id='word_1_67' title='bbox 477 1389 708 1472; x_wconf 88' lang='lat' dir='ltr'>primogenitum</span> <span class='ocrx_word' id='word_1_68' title='bbox 731 1388 906 1452; x_wconf 84' lang='lat' dir='ltr'>Henricum&#39;</span> <span class='ocrx_word' id='word_1_69' title='bbox 919 1388 1065 1452; x_wconf 87' lang='lat' dir='ltr'>avunculo</span> <span class='ocrx_word' id='word_1_70' title='bbox 1079 1389 1113 1452; x_wconf 90' lang='lat' dir='ltr'>in</span> <span class='ocrx_word' id='word_1_71' title='bbox 1127 1390 1214 1475; x_wconf 87' lang='lat' dir='ltr'>Ang-</span> 
     </span>
     <span class='ocr_line' id='line_1_10' title="bbox 107 1488 1213 1574; baseline 0.003 -22"><span class='ocrx_word' id='word_1_72' title='bbox 107 1489 183 1552; x_wconf 90' lang='lat' dir='ltr'>liam</span> <span class='ocrx_word' id='word_1_73' title='bbox 214 1489 358 1553; x_wconf 88' lang='lat' dir='ltr'>concessit</span> <span class='ocrx_word' id='word_1_74' title='bbox 380 1488 558 1566; x_wconf 89' lang='lat' dir='ltr'>ducendum,</span> <span class='ocrx_word' id='word_1_75' title='bbox 589 1490 674 1573; x_wconf 91' lang='lat' dir='ltr'>cujus</span> <span class='ocrx_word' id='word_1_76' title='bbox 698 1489 809 1552; x_wconf 89' lang='lat' dir='ltr'>intuitu</span> <span class='ocrx_word' id='word_1_77' title='bbox 840 1511 974 1573; x_wconf 88' lang='lat' dir='ltr'>proceres</span> <span class='ocrx_word' id='word_1_78' title='bbox 993 1489 1068 1574; x_wconf 83' lang='lat' dir='ltr'>justi</span> <span class='ocrx_word' id='word_1_79' title='bbox 1089 1489 1213 1555; x_wconf 83' lang='lat' dir='ltr'>baeredis</span> 
     </span>
     <span class='ocr_line' id='line_1_11' title="bbox 107 1591 638 1676; baseline -0.006 -21"><span class='ocrx_word' id='word_1_80' title='bbox 107 1599 212 1676; x_wconf 90' lang='lat' dir='ltr'>partes</span> <span class='ocrx_word' id='word_1_81' title='bbox 226 1613 414 1676; x_wconf 89' lang='lat' dir='ltr'>propugnare</span> <span class='ocrx_word' id='word_1_82' title='bbox 429 1591 638 1654; x_wconf 85' lang='lat' dir='ltr'>animarentur.</span> 
     </span>
    </p>

    <p class='ocr_par' dir='ltr' id='par_1_5' title="bbox 107 1685 1217 3917">
     <span class='ocr_line' id='line_1_12' title="bbox 157 1685 1208 1776; baseline 0.002 -20"><span class='ocrx_word' id='word_1_83' title='bbox 157 1694 278 1757; x_wconf 86' lang='lat' dir='ltr'>Interea</span> <span class='ocrx_word' id='word_1_84' title='bbox 292 1715 341 1756; x_wconf 80' lang='lat' dir='ltr'>rex</span> <span class='ocrx_word' id='word_1_85' title='bbox 356 1693 389 1756; x_wconf 89' lang='lat' dir='ltr'>in</span> <span class='ocrx_word' id='word_1_86' title='bbox 410 1692 521 1774; x_wconf 85' lang='lat' dir='ltr'>Anglia</span> <span class='ocrx_word' id='word_1_87' title='bbox 543 1692 659 1756; x_wconf 89' lang='lat' dir='ltr'>comitis</span> <span class='ocrx_word' id='word_1_88' title='bbox 682 1691 844 1756; x_wconf 84' lang='lat' dir='ltr'>absentiam</span> <span class='ocrx_word' id='word_1_89' title='bbox 866 1698 1031 1776; x_wconf 85' lang='lat' dir='ltr'>aucupatus</span> <span class='ocrx_word' id='word_1_90' title='bbox 1056 1685 1154 1756; x_wconf 86' lang='lat' dir='ltr'>subito</span> <span class='ocrx_word' id='word_1_91' title='bbox 1170 1693 1208 1758; x_wconf 92' lang='lat' dir='ltr'>ad</span> 
     </span>
     <span class='ocr_line' id='line_1_13' title="bbox 107 1794 1212 1878; baseline -0.001 -18"><span class='ocrx_word' id='word_1_92' title='bbox 107 1797 242 1860; x_wconf 84' lang='lat' dir='ltr'>Warran</span> <span class='ocrx_word' id='word_1_93' title='bbox 256 1796 376 1858; x_wconf 89' lang='lat' dir='ltr'>veniens</span> <span class='ocrx_word' id='word_1_94' title='bbox 391 1801 421 1857; x_wconf 88' lang='lat' dir='ltr'>et</span> <span class='ocrx_word' id='word_1_95' title='bbox 440 1816 565 1858; x_wconf 89' lang='lat' dir='ltr'>vacuum</span> <span class='ocrx_word' id='word_1_96' title='bbox 588 1794 858 1878; x_wconf 82' lang='lat' dir='ltr'>propugnatoribus</span> <span class='ocrx_word' id='word_1_97' title='bbox 880 1795 1048 1872; x_wconf 88' lang='lat' dir='ltr'>oiiendens,</span> <span class='ocrx_word' id='word_1_98' title='bbox 1071 1817 1212 1859; x_wconf 88' lang='lat' dir='ltr'>succenso</span> 
     </span>
     <span class='ocr_line' id='line_1_14' title="bbox 110 1896 1216 1982; baseline -0.002 -20"><span class='ocrx_word' id='word_1_99' title='bbox 110 1916 143 1962; x_wconf 90' lang='lat' dir='ltr'>et</span> <span class='ocrx_word' id='word_1_100' title='bbox 176 1898 344 1982; x_wconf 88' lang='lat' dir='ltr'>depraedato</span> <span class='ocrx_word' id='word_1_101' title='bbox 366 1897 441 1973; x_wconf 89' lang='lat' dir='ltr'>vico,</span> <span class='ocrx_word' id='word_1_102' title='bbox 465 1899 566 1960; x_wconf 89' lang='lat' dir='ltr'>statim</span> <span class='ocrx_word' id='word_1_103' title='bbox 589 1898 678 1960; x_wconf 88' lang='lat' dir='ltr'>etiam</span> <span class='ocrx_word' id='word_1_104' title='bbox 699 1896 820 1960; x_wconf 89' lang='lat' dir='ltr'>castello</span> <span class='ocrx_word' id='word_1_105' title='bbox 843 1897 956 1980; x_wconf 89' lang='lat' dir='ltr'>potitus</span> <span class='ocrx_word' id='word_1_106' title='bbox 977 1903 1033 1974; x_wconf 90' lang='lat' dir='ltr'>est,</span> <span class='ocrx_word' id='word_1_107' title='bbox 1056 1896 1134 1980; x_wconf 93' lang='lat' dir='ltr'>quod</span> <span class='ocrx_word' id='word_1_108' title='bbox 1153 1898 1216 1981; x_wconf 90' lang='lat' dir='ltr'>jam</span> 
     </span>
     <span class='ocr_line' id='line_1_15' title="bbox 110 1998 1214 2081; baseline -0.003 -16"><span class='ocrx_word' id='word_1_109' title='bbox 110 2001 230 2065; x_wconf 92' lang='lat' dir='ltr'>dudum</span> <span class='ocrx_word' id='word_1_110' title='bbox 246 2022 342 2063; x_wconf 90' lang='lat' dir='ltr'>comes</span> <span class='ocrx_word' id='word_1_111' title='bbox 357 1999 542 2062; x_wconf 85' lang='lat' dir='ltr'>commiserat</span> <span class='ocrx_word' id='word_1_112' title='bbox 556 1999 620 2062; x_wconf 87' lang='lat' dir='ltr'>iilio</span> <span class='ocrx_word' id='word_1_113' title='bbox 635 2021 689 2061; x_wconf 92' lang='lat' dir='ltr'>suo</span> <span class='ocrx_word' id='word_1_114' title='bbox 710 1999 909 2081; x_wconf 85' lang='lat' dir='ltr'>primogenito</span> <span class='ocrx_word' id='word_1_115' title='bbox 931 1998 1103 2062; x_wconf 88' lang='lat' dir='ltr'>Willielmo.</span> <span class='ocrx_word' id='word_1_116' title='bbox 1148 1998 1214 2062; x_wconf 89' lang='lat' dir='ltr'>Nec</span> 
     </span>
     <span class='ocr_line' id='line_1_16' title="bbox 109 2099 1212 2185; baseline -0.001 -20"><span class='ocrx_word' id='word_1_117' title='bbox 109 2126 148 2167; x_wconf 91' lang='lat' dir='ltr'>eo</span> <span class='ocrx_word' id='word_1_118' title='bbox 171 2109 329 2167; x_wconf 90' lang='lat' dir='ltr'>contentus</span> <span class='ocrx_word' id='word_1_119' title='bbox 350 2102 504 2185; x_wconf 89' lang='lat' dir='ltr'>inopinato</span> <span class='ocrx_word' id='word_1_120' title='bbox 526 2121 597 2164; x_wconf 89' lang='lat' dir='ltr'>casu</span> <span class='ocrx_word' id='word_1_121' title='bbox 620 2099 714 2163; x_wconf 87' lang='lat' dir='ltr'>tribus</span> <span class='ocrx_word' id='word_1_122' title='bbox 744 2099 850 2163; x_wconf 89' lang='lat' dir='ltr'>diebus</span> <span class='ocrx_word' id='word_1_123' title='bbox 880 2111 949 2162; x_wconf 87' lang='lat' dir='ltr'>ante</span> <span class='ocrx_word' id='word_1_124' title='bbox 977 2100 1087 2163; x_wconf 87' lang='lat' dir='ltr'>festum</span> <span class='ocrx_word' id='word_1_125' title='bbox 1116 2101 1212 2164; x_wconf 86' lang='lat' dir='ltr'>sancti</span> 
     </span>
     <span class='ocr_line' id='line_1_17' title="bbox 107 2201 1213 2285; baseline -0.003 -16"><span class='ocrx_word' id='word_1_126' title='bbox 107 2205 270 2269; x_wconf 88' lang='lat' dir='ltr'>Michaelis</span> <span class='ocrx_word' id='word_1_127' title='bbox 281 2202 492 2267; x_wconf 82' lang='lat' dir='ltr'>Oxeniordiam</span> <span class='ocrx_word' id='word_1_128' title='bbox 506 2203 656 2266; x_wconf 89' lang='lat' dir='ltr'>civitatem</span> <span class='ocrx_word' id='word_1_129' title='bbox 671 2201 877 2279; x_wconf 86' lang='lat' dir='ltr'>concremavit,</span> <span class='ocrx_word' id='word_1_130' title='bbox 893 2208 924 2265; x_wconf 86' lang='lat' dir='ltr'>et</span> <span class='ocrx_word' id='word_1_131' title='bbox 939 2201 1092 2264; x_wconf 89' lang='lat' dir='ltr'>castellum</span> <span class='ocrx_word' id='word_1_132' title='bbox 1106 2201 1139 2264; x_wconf 90' lang='lat' dir='ltr'>in</span> <span class='ocrx_word' id='word_1_133' title='bbox 1154 2223 1213 2285; x_wconf 94' lang='lat' dir='ltr'>quo</span> 
     </span>
     <span class='ocr_line' id='line_1_18' title="bbox 107 2301 1210 2387; baseline -0.005 -15"><span class='ocrx_word' id='word_1_134' title='bbox 107 2331 182 2372; x_wconf 93' lang='lat' dir='ltr'>cum</span> <span class='ocrx_word' id='word_1_135' title='bbox 210 2307 272 2370; x_wconf 91' lang='lat' dir='ltr'>suis</span> <span class='ocrx_word' id='word_1_136' title='bbox 301 2305 468 2370; x_wconf 87' lang='lat' dir='ltr'>domesticis</span> <span class='ocrx_word' id='word_1_137' title='bbox 497 2303 640 2368; x_wconf 84' lang='lat' dir='ltr'>militibus</span> <span class='ocrx_word' id='word_1_138' title='bbox 668 2303 839 2387; x_wconf 83' lang='lat' dir='ltr'>imperatrix</span> <span class='ocrx_word' id='word_1_139' title='bbox 878 2308 940 2366; x_wconf 89' lang='lat' dir='ltr'>erat</span> <span class='ocrx_word' id='word_1_140' title='bbox 978 2301 1105 2366; x_wconf 84' lang='lat' dir='ltr'>obsedit.</span> <span class='ocrx_word' id='word_1_141' title='bbox 1151 2303 1210 2366; x_wconf 86' lang='lat' dir='ltr'>His</span> 
     </span>
     <span class='ocr_line' id='line_1_19' title="bbox 108 2402 1210 2482; baseline -0.007 -8"><span class='ocrx_word' id='word_1_142' title='bbox 108 2406 281 2474; x_wconf 92' lang='lat' dir='ltr'>rumoribus</span> <span class='ocrx_word' id='word_1_143' title='bbox 304 2408 336 2470; x_wconf 93' lang='lat' dir='ltr'>in</span> <span class='ocrx_word' id='word_1_144' title='bbox 361 2406 547 2470; x_wconf 89' lang='lat' dir='ltr'>Normannia</span> <span class='ocrx_word' id='word_1_145' title='bbox 561 2405 767 2482; x_wconf 88' lang='lat' dir='ltr'>disseminatis,</span> <span class='ocrx_word' id='word_1_146' title='bbox 784 2425 882 2467; x_wconf 88' lang='lat' dir='ltr'>comes</span> <span class='ocrx_word' id='word_1_147' title='bbox 910 2402 1058 2467; x_wconf 87' lang='lat' dir='ltr'>Robertus</span> <span class='ocrx_word' id='word_1_148' title='bbox 1083 2403 1210 2468; x_wconf 90' lang='lat' dir='ltr'>reditum</span> 
     </span>
     <span class='ocr_line' id='line_1_20' title="bbox 109 2505 1215 2592; baseline -0.006 -16"><span class='ocrx_word' id='word_1_149' title='bbox 109 2511 284 2576; x_wconf 89' lang='lat' dir='ltr'>maturavit.</span> <span class='ocrx_word' id='word_1_150' title='bbox 343 2510 503 2573; x_wconf 82' lang='lat' dir='ltr'>Trecentos</span> <span class='ocrx_word' id='word_1_151' title='bbox 517 2509 617 2592; x_wconf 92' lang='lat' dir='ltr'>itaque</span> <span class='ocrx_word' id='word_1_152' title='bbox 632 2507 739 2569; x_wconf 89' lang='lat' dir='ltr'>milites</span> <span class='ocrx_word' id='word_1_153' title='bbox 755 2513 784 2569; x_wconf 90' lang='lat' dir='ltr'>et</span> <span class='ocrx_word' id='word_1_154' title='bbox 798 2505 950 2588; x_wconf 88' lang='lat' dir='ltr'>aliquanto</span> <span class='ocrx_word' id='word_1_155' title='bbox 965 2505 1074 2590; x_wconf 90' lang='lat' dir='ltr'>plures,</span> <span class='ocrx_word' id='word_1_156' title='bbox 1087 2527 1215 2588; x_wconf 90' lang='lat' dir='ltr'>quorum</span> 
     </span>
     <span class='ocr_line' id='line_1_21' title="bbox 109 2606 1212 2694; baseline -0.006 -17"><span class='ocrx_word' id='word_1_157' title='bbox 109 2622 214 2678; x_wconf 88' lang='lat' dir='ltr'>tamen</span> <span class='ocrx_word' id='word_1_158' title='bbox 227 2633 368 2676; x_wconf 91' lang='lat' dir='ltr'>numerus</span> <span class='ocrx_word' id='word_1_159' title='bbox 383 2610 421 2674; x_wconf 91' lang='lat' dir='ltr'>ad</span> <span class='ocrx_word' id='word_1_160' title='bbox 436 2610 669 2694; x_wconf 86' lang='lat' dir='ltr'>quadringentos</span> <span class='ocrx_word' id='word_1_161' title='bbox 682 2630 743 2670; x_wconf 91' lang='lat' dir='ltr'>non</span> <span class='ocrx_word' id='word_1_162' title='bbox 757 2607 901 2692; x_wconf 88' lang='lat' dir='ltr'>pervenit,</span> <span class='ocrx_word' id='word_1_163' title='bbox 916 2606 1131 2690; x_wconf 87' lang='lat' dir='ltr'>quinquaginta</span> <span class='ocrx_word' id='word_1_164' title='bbox 1140 2606 1212 2671; x_wconf 88' lang='lat' dir='ltr'>dua·</span> 
     </span>
     <span class='ocr_line' id='line_1_22' title="bbox 109 2707 1212 2796; baseline -0.01 -15"><span class='ocrx_word' id='word_1_165' title='bbox 109 2715 171 2781; x_wconf 92' lang='lat' dir='ltr'>bus</span> <span class='ocrx_word' id='word_1_166' title='bbox 203 2711 330 2778; x_wconf 89' lang='lat' dir='ltr'>navibus</span> <span class='ocrx_word' id='word_1_167' title='bbox 352 2713 506 2796; x_wconf 85' lang='lat' dir='ltr'>impositos</span> <span class='ocrx_word' id='word_1_168' title='bbox 532 2711 569 2774; x_wconf 91' lang='lat' dir='ltr'>ad</span> <span class='ocrx_word' id='word_1_169' title='bbox 601 2710 699 2774; x_wconf 91' lang='lat' dir='ltr'>locum</span> <span class='ocrx_word' id='word_1_170' title='bbox 724 2708 804 2773; x_wconf 92' lang='lat' dir='ltr'>unde</span> <span class='ocrx_word' id='word_1_171' title='bbox 823 2727 974 2791; x_wconf 85' lang='lat' dir='ltr'>regressus</span> <span class='ocrx_word' id='word_1_172' title='bbox 997 2707 1094 2772; x_wconf 82' lang='lat' dir='ltr'>iuerat</span> <span class='ocrx_word' id='word_1_173' title='bbox 1116 2730 1212 2772; x_wconf 86' lang='lat' dir='ltr'>rever-</span> 
     </span>
     <span class='ocr_line' id='line_1_23' title="bbox 111 2811 1213 2899; baseline -0.006 -17"><span class='ocrx_word' id='word_1_174' title='bbox 111 2821 197 2890; x_wconf 86' lang='lat' dir='ltr'>titur,</span> <span class='ocrx_word' id='word_1_175' title='bbox 226 2823 259 2880; x_wconf 89' lang='lat' dir='ltr'>ut</span> <span class='ocrx_word' id='word_1_176' title='bbox 287 2837 375 2899; x_wconf 92' lang='lat' dir='ltr'>quem</span> <span class='ocrx_word' id='word_1_177' title='bbox 405 2837 458 2899; x_wconf 91' lang='lat' dir='ltr'>per</span> <span class='ocrx_word' id='word_1_178' title='bbox 486 2814 658 2877; x_wconf 89' lang='lat' dir='ltr'>violentiam</span> <span class='ocrx_word' id='word_1_179' title='bbox 675 2811 812 2875; x_wconf 86' lang='lat' dir='ltr'>amiserat</span> <span class='ocrx_word' id='word_1_180' title='bbox 834 2811 863 2874; x_wconf 90' lang='lat' dir='ltr'>vi</span> <span class='ocrx_word' id='word_1_181' title='bbox 882 2816 1076 2894; x_wconf 88' lang='lat' dir='ltr'>recuperaret.</span> <span class='ocrx_word' id='word_1_182' title='bbox 1107 2811 1213 2875; x_wconf 86' lang='lat' dir='ltr'>Statim</span> 
     </span>
     <span class='ocr_line' id='line_1_24' title="bbox 111 2910 1213 3006; baseline -0.01 -21"><span class='ocrx_word' id='word_1_183' title='bbox 111 2942 188 3006; x_wconf 90' lang='lat' dir='ltr'>ergo</span> <span class='ocrx_word' id='word_1_184' title='bbox 202 2926 292 3004; x_wconf 90' lang='lat' dir='ltr'>portu</span> <span class='ocrx_word' id='word_1_185' title='bbox 306 2924 336 2982; x_wconf 88' lang='lat' dir='ltr'>et</span> <span class='ocrx_word' id='word_1_186' title='bbox 349 2919 415 2982; x_wconf 89' lang='lat' dir='ltr'>vico</span> <span class='ocrx_word' id='word_1_187' title='bbox 429 2917 462 2980; x_wconf 93' lang='lat' dir='ltr'>in</span> <span class='ocrx_word' id='word_1_188' title='bbox 476 2923 653 3001; x_wconf 88' lang='lat' dir='ltr'>potestatem</span> <span class='ocrx_word' id='word_1_189' title='bbox 668 2913 798 2978; x_wconf 87' lang='lat' dir='ltr'>subactis</span> <span class='ocrx_word' id='word_1_190' title='bbox 820 2913 972 2978; x_wconf 87' lang='lat' dir='ltr'>castellum</span> <span class='ocrx_word' id='word_1_191' title='bbox 988 2910 1112 2989; x_wconf 90' lang='lat' dir='ltr'>obsedit,</span> <span class='ocrx_word' id='word_1_192' title='bbox 1134 2911 1213 2976; x_wconf 88' lang='lat' dir='ltr'>scili-</span> 
     </span>
     <span class='ocr_line' id='line_1_25' title="bbox 110 3013 1210 3102; baseline -0.011 -14"><span class='ocrx_word' id='word_1_193' title='bbox 110 3032 161 3089; x_wconf 87' lang='lat' dir='ltr'>cet</span> <span class='ocrx_word' id='word_1_194' title='bbox 177 3023 214 3086; x_wconf 92' lang='lat' dir='ltr'>de</span> <span class='ocrx_word' id='word_1_195' title='bbox 228 3021 375 3096; x_wconf 87' lang='lat' dir='ltr'>Warram,</span> <span class='ocrx_word' id='word_1_196' title='bbox 391 3019 471 3102; x_wconf 92' lang='lat' dir='ltr'>quod</span> <span class='ocrx_word' id='word_1_197' title='bbox 493 3023 558 3100; x_wconf 87' lang='lat' dir='ltr'>post</span> <span class='ocrx_word' id='word_1_198' title='bbox 579 3038 690 3100; x_wconf 90' lang='lat' dir='ltr'>paucos</span> <span class='ocrx_word' id='word_1_199' title='bbox 711 3016 773 3079; x_wconf 89' lang='lat' dir='ltr'>dies</span> <span class='ocrx_word' id='word_1_200' title='bbox 794 3016 914 3098; x_wconf 84' lang='lat' dir='ltr'>recepit.</span> <span class='ocrx_word' id='word_1_201' title='bbox 959 3013 1076 3077; x_wconf 81' lang='lat' dir='ltr'>Eodem</span> <span class='ocrx_word' id='word_1_202' title='bbox 1094 3014 1210 3096; x_wconf 89' lang='lat' dir='ltr'>impetu</span> 
     </span>
     <span class='ocr_line' id='line_1_26' title="bbox 109 3114 1210 3202; baseline -0.013 -12"><span class='ocrx_word' id='word_1_203' title='bbox 109 3125 242 3190; x_wconf 89' lang='lat' dir='ltr'>insulam</span> <span class='ocrx_word' id='word_1_204' title='bbox 271 3121 422 3196; x_wconf 89' lang='lat' dir='ltr'>Portland,</span> <span class='ocrx_word' id='word_1_205' title='bbox 450 3141 537 3202; x_wconf 90' lang='lat' dir='ltr'>quam</span> <span class='ocrx_word' id='word_1_206' title='bbox 570 3116 835 3192; x_wconf 86' lang='lat' dir='ltr'>incastellaverant,</span> <span class='ocrx_word' id='word_1_207' title='bbox 860 3114 987 3198; x_wconf 86' lang='lat' dir='ltr'>subegit,</span> <span class='ocrx_word' id='word_1_208' title='bbox 1022 3120 1051 3177; x_wconf 90' lang='lat' dir='ltr'>et</span> <span class='ocrx_word' id='word_1_209' title='bbox 1087 3114 1210 3177; x_wconf 88' lang='lat' dir='ltr'>tertium</span> 
     </span>
     <span class='ocr_line' id='line_1_27' title="bbox 114 3213 1214 3310; baseline -0.011 -20"><span class='ocrx_word' id='word_1_210' title='bbox 114 3228 203 3310; x_wconf 88' lang='lat' dir='ltr'>cajus</span> <span class='ocrx_word' id='word_1_211' title='bbox 217 3221 535 3287; x_wconf 71' lang='lat' dir='ltr'>nomen‹Lulleswrthe</span> <span class='ocrx_word' id='word_1_212' title='bbox 550 3219 638 3282; x_wconf 90' lang='lat' dir='ltr'>armis</span> <span class='ocrx_word' id='word_1_213' title='bbox 653 3216 830 3301; x_wconf 86' lang='lat' dir='ltr'>perdomuit.</span> <span class='ocrx_word' id='word_1_214' title='bbox 874 3215 951 3279; x_wconf 91' lang='lat' dir='ltr'>Inde</span> <span class='ocrx_word' id='word_1_215' title='bbox 968 3237 1069 3278; x_wconf 91' lang='lat' dir='ltr'>omnes</span> <span class='ocrx_word' id='word_1_216' title='bbox 1083 3213 1214 3278; x_wconf 83' lang='lat' dir='ltr'>lautores</span> 
     </span>
     <span class='ocr_line' id='line_1_28' title="bbox 111 3315 1215 3412; baseline -0.012 -20"><span class='ocrx_word' id='word_1_217' title='bbox 111 3326 309 3412; x_wconf 87' lang='lat' dir='ltr'>imperatricis</span> <span class='ocrx_word' id='word_1_218' title='bbox 332 3325 369 3388; x_wconf 94' lang='lat' dir='ltr'>ad</span> <span class='ocrx_word' id='word_1_219' title='bbox 391 3321 593 3386; x_wconf 85' lang='lat' dir='ltr'>Cirecestriam</span> <span class='ocrx_word' id='word_1_220' title='bbox 614 3319 798 3383; x_wconf 90' lang='lat' dir='ltr'>convocavit.</span> <span class='ocrx_word' id='word_1_221' title='bbox 843 3316 892 3380; x_wconf 89' lang='lat' dir='ltr'>Ibi</span> <span class='ocrx_word' id='word_1_222' title='bbox 913 3317 1006 3400; x_wconf 89' lang='lat' dir='ltr'>igitur</span> <span class='ocrx_word' id='word_1_223' title='bbox 1027 3315 1063 3378; x_wconf 89' lang='lat' dir='ltr'>ad</span> <span class='ocrx_word' id='word_1_224' title='bbox 1088 3315 1215 3379; x_wconf 83' lang='lat' dir='ltr'>dominae</span> 
     </span>
     <span class='ocr_line' id='line_1_29' title="bbox 114 3416 1217 3502; baseline -0.014 -7"><span class='ocrx_word' id='word_1_225' title='bbox 114 3452 179 3495; x_wconf 87' lang='lat' dir='ltr'>suae</span> <span class='ocrx_word' id='word_1_226' title='bbox 209 3425 439 3490; x_wconf 79' lang='lat' dir='ltr'>succurrendum</span> <span class='ocrx_word' id='word_1_227' title='bbox 462 3421 599 3486; x_wconf 90' lang='lat' dir='ltr'>omnibus</span> <span class='ocrx_word' id='word_1_228' title='bbox 621 3418 733 3484; x_wconf 91' lang='lat' dir='ltr'>viribus</span> <span class='ocrx_word' id='word_1_229' title='bbox 756 3417 915 3502; x_wconf 88' lang='lat' dir='ltr'>conspirati</span> <span class='ocrx_word' id='word_1_230' title='bbox 938 3416 1149 3501; x_wconf 87' lang='lat' dir='ltr'>proiectionem</span> <span class='ocrx_word' id='word_1_231' title='bbox 1179 3417 1217 3481; x_wconf 92' lang='lat' dir='ltr'>ad</span> 
     </span>
     <span class='ocr_line' id='line_1_30' title="bbox 114 3518 1215 3603; baseline -0.012 -8"><span class='ocrx_word' id='word_1_232' title='bbox 114 3529 327 3597; x_wconf 81' lang='lat' dir='ltr'>Oxeniordiam</span> <span class='ocrx_word' id='word_1_233' title='bbox 351 3526 571 3589; x_wconf 90' lang='lat' dir='ltr'>meditabantur</span> <span class='ocrx_word' id='word_1_234' title='bbox 591 3522 715 3587; x_wconf 83' lang='lat' dir='ltr'>intensis</span> <span class='ocrx_word' id='word_1_235' title='bbox 737 3520 886 3584; x_wconf 91' lang='lat' dir='ltr'>mentibus</span> <span class='ocrx_word' id='word_1_236' title='bbox 910 3542 976 3583; x_wconf 91' lang='lat' dir='ltr'>cum</span> <span class='ocrx_word' id='word_1_237' title='bbox 993 3541 1062 3603; x_wconf 88' lang='lat' dir='ltr'>rege</span> <span class='ocrx_word' id='word_1_238' title='bbox 1078 3518 1135 3582; x_wconf 90' lang='lat' dir='ltr'>nisi</span> <span class='ocrx_word' id='word_1_239' title='bbox 1150 3518 1215 3582; x_wconf 89' lang='lat' dir='ltr'>abs-</span> 
     </span>
     <span class='ocr_line' id='line_1_31' title="bbox 114 3621 1217 3716; baseline -0.015 -17"><span class='ocrx_word' id='word_1_240' title='bbox 114 3635 232 3701; x_wconf 88' lang='lat' dir='ltr'>cederet</span> <span class='ocrx_word' id='word_1_241' title='bbox 247 3631 415 3716; x_wconf 88' lang='lat' dir='ltr'>proeliatum</span> <span class='ocrx_word' id='word_1_242' title='bbox 429 3629 475 3692; x_wconf 87' lang='lat' dir='ltr'>iri.</span> <span class='ocrx_word' id='word_1_243' title='bbox 519 3627 678 3691; x_wconf 87' lang='lat' dir='ltr'>Enimvero</span> <span class='ocrx_word' id='word_1_244' title='bbox 696 3625 758 3710; x_wconf 86' lang='lat' dir='ltr'>jam</span> <span class='ocrx_word' id='word_1_245' title='bbox 779 3623 940 3708; x_wconf 84' lang='lat' dir='ltr'>progressis</span> <span class='ocrx_word' id='word_1_246' title='bbox 964 3621 1118 3706; x_wconf 90' lang='lat' dir='ltr'>plausibile</span> <span class='ocrx_word' id='word_1_247' title='bbox 1139 3643 1217 3685; x_wconf 88' lang='lat' dir='ltr'>nun-</span> 
     </span>
     <span class='ocr_line' id='line_1_32' title="bbox 115 3721 1216 3813; baseline -0.015 -12"><span class='ocrx_word' id='word_1_248' title='bbox 115 3740 197 3804; x_wconf 89' lang='lat' dir='ltr'>cium</span> <span class='ocrx_word' id='word_1_249' title='bbox 226 3734 347 3798; x_wconf 88' lang='lat' dir='ltr'>allatum</span> <span class='ocrx_word' id='word_1_250' title='bbox 376 3738 430 3808; x_wconf 92' lang='lat' dir='ltr'>est,</span> <span class='ocrx_word' id='word_1_251' title='bbox 461 3751 606 3813; x_wconf 86' lang='lat' dir='ltr'>egressam</span> <span class='ocrx_word' id='word_1_252' title='bbox 636 3726 850 3811; x_wconf 88' lang='lat' dir='ltr'>imperatricem</span> <span class='ocrx_word' id='word_1_253' title='bbox 880 3725 917 3788; x_wconf 89' lang='lat' dir='ltr'>de</span> <span class='ocrx_word' id='word_1_254' title='bbox 945 3723 1067 3788; x_wconf 90' lang='lat' dir='ltr'>obsesso</span> <span class='ocrx_word' id='word_1_255' title='bbox 1096 3721 1216 3786; x_wconf 87' lang='lat' dir='ltr'>castello</span> 
     </span>
     <span class='ocr_line' id='line_1_33' title="bbox 116 3820 905 3917; baseline -0.018 -13"><span class='ocrx_word' id='word_1_256' title='bbox 116 3820 309 3906; x_wconf 84' lang='lat' dir='ltr'>Oxenlordiae</span> <span class='ocrx_word' id='word_1_257' title='bbox 323 3842 353 3898; x_wconf 93' lang='lat' dir='ltr'>et</span> <span class='ocrx_word' id='word_1_258' title='bbox 366 3832 445 3917; x_wconf 91' lang='lat' dir='ltr'>apud</span> <span class='ocrx_word' id='word_1_259' title='bbox 463 3830 679 3915; x_wconf 87' lang='lat' dir='ltr'>Wallingeiord</span> <span class='ocrx_word' id='word_1_260' title='bbox 696 3836 763 3893; x_wconf 88' lang='lat' dir='ltr'>tuto</span> <span class='ocrx_word' id='word_1_261' title='bbox 778 3849 905 3891; x_wconf 86' lang='lat' dir='ltr'>manere.</span> 
     </span>
    </p>

    <p class='ocr_par' dir='ltr' id='par_1_6' title="bbox 116 3925 1220 4228">
     <span class='ocr_line' id='line_1_34' title="bbox 162 3925 1218 4012; baseline -0.013 -9"><span class='ocrx_word' id='word_1_262' title='bbox 162 3944 251 4004; x_wconf 84' lang='lat' dir='ltr'>Anno</span> <span class='ocrx_word' id='word_1_263' title='bbox 266 3937 432 4002; x_wconf 87' lang='lat' dir='ltr'>Dominicae</span> <span class='ocrx_word' id='word_1_264' title='bbox 445 3932 655 3997; x_wconf 85' lang='lat' dir='ltr'>incarnationis</span> <span class='ocrx_word' id='word_1_265' title='bbox 669 3929 867 4004; x_wconf 87' lang='lat' dir='ltr'>MCLXlXo,</span> <span class='ocrx_word' id='word_1_266' title='bbox 883 3927 934 4012; x_wconf 93' lang='lat' dir='ltr'>qui</span> <span class='ocrx_word' id='word_1_267' title='bbox 950 3926 1009 3989; x_wconf 80' lang='lat' dir='ltr'>tuit</span> <span class='ocrx_word' id='word_1_268' title='bbox 1023 3947 1118 3988; x_wconf 89' lang='lat' dir='ltr'>annus</span> <span class='ocrx_word' id='word_1_269' title='bbox 1132 3925 1218 4008; x_wconf 87' lang='lat' dir='ltr'>regni</span> 
     </span>
     <span class='ocr_line' id='line_1_35' title="bbox 116 4026 1220 4128; baseline -0.016 -21"><span class='ocrx_word' id='word_1_270' title='bbox 116 4043 197 4127; x_wconf 85' lang='lat' dir='ltr'>regis</span> <span class='ocrx_word' id='word_1_271' title='bbox 226 4038 368 4125; x_wconf 82' lang='lat' dir='ltr'>Stephani</span> <span class='ocrx_word' id='word_1_272' title='bbox 389 4034 538 4108; x_wconf 88' lang='lat' dir='ltr'>XIIllus,</span> <span class='ocrx_word' id='word_1_273' title='bbox 561 4035 712 4098; x_wconf 91' lang='lat' dir='ltr'>chricus</span> <span class='ocrx_word' id='word_1_274' title='bbox 734 4031 816 4096; x_wconf 86' lang='lat' dir='ltr'>iilius</span> <span class='ocrx_word' id='word_1_275' title='bbox 838 4029 1053 4128; x_wconf 88' lang='lat' dir='ltr'>primogenitus</span> <span class='ocrx_word' id='word_1_276' title='bbox 1075 4026 1220 4106; x_wconf 75' lang='lat' dir='ltr'>Gauiredj</span> 
     </span>
     <span class='ocr_line' id='line_1_36' title="bbox 116 4129 1219 4228; baseline -0.019 -17"><span class='ocrx_word' id='word_1_277' title='bbox 116 4146 329 4228; x_wconf 85' lang='lat' dir='ltr'>Plantagenest</span> <span class='ocrx_word' id='word_1_278' title='bbox 352 4139 467 4204; x_wconf 88' lang='lat' dir='ltr'>comitis</span> <span class='ocrx_word' id='word_1_279' title='bbox 490 4136 679 4220; x_wconf 83' lang='lat' dir='ltr'>Andagaviae,</span> <span class='ocrx_word' id='word_1_280' title='bbox 709 4132 831 4217; x_wconf 86' lang='lat' dir='ltr'>cingulo</span> <span class='ocrx_word' id='word_1_281' title='bbox 853 4130 972 4196; x_wconf 87' lang='lat' dir='ltr'>militari</span> <span class='ocrx_word' id='word_1_282' title='bbox 996 4129 1122 4193; x_wconf 88' lang='lat' dir='ltr'>donatus</span> <span class='ocrx_word' id='word_1_283' title='bbox 1142 4134 1219 4191; x_wconf 88' lang='lat' dir='ltr'>esta</span> 
     </span>
    </p>
   </div>
   <div class='ocr_carea' id='block_1_5' title="bbox 0 0 1533 5134">
    <p class='ocr_par' dir='ltr' id='par_1_7' title="bbox 0 0 1533 5134">
     <span class='ocr_line' id='line_1_37' title="bbox 0 0 1533 5134; baseline 0 0"><span class='ocrx_word' id='word_1_284' title='bbox 0 0 1533 5134; x_wconf 95' lang='lat' dir='ltr'> </span> 
     </span>
    </p>
   </div>
  </div>
 </body>
</html>
