3042 5134
522 439 712 506 Ouaomcon
729 440 756 506 Ι.
1140 453 1180 515 83

87 631 154 673 esse
184 632 287 676 verum
319 633 425 698 corpus
462 611 585 690 Christi,
619 611 671 676 sed
706 611 832 698 figuram
869 612 953 697 ejua3
990 617 1044 682 sed
1079 628 1181 705 postea

83 722 241 800 correptus
263 723 309 780 est
329 723 358 782 et
381 724 536 782 correctus.

134 821 238 884 Βοωιιι
251 830 320 906 post
342 821 474 886 Leonem
500 822 575 886 sedit
598 821 711 901 Victor,
739 844 798 906 quo
821 830 975 908 praesente,
1001 826 1178 913 imperatore

90 923 227 988 Heurico
242 931 368 1004 mortuo,
385 925 525 991 successit
539 925 619 990 iilius
634 927 697 1012 ejus
715 926 862 991 Henricus
877 937 907 992 et
920 929 1075 1015 imperavit
1097 933 1181 997 anilis

89 1031 129 1096 L.
177 1031 280 1097 Romae
295 1039 364 1118 post
383 1034 526 1098 Victorem
537 1033 614 1098 aedit
624 1034 801 1119 Stephanus,
815 1035 933 1100 demum
949 1037 1138 1117 Benedictus,
1151 1047 1184 1104 et

85 1144 194 1219 post-ea
224 1137 398 1216 NicholauS,
430 1145 459 1202 et
500 1146 567 1223 post
606 1161 673 1202 eum
713 1138 888 1217 Alexander,
919 1163 1008 1226 quem
1045 1141 1179 1208 turbavit

85 1241 239 1306 Chadclus
251 1243 272 1284 i
287 1243 417 1328 aspirans
432 1243 468 1308 ad
484 1251 632 1329 papatum.
673 1244 766 1308 Paulo
781 1245 873 1330 priori
886 1256 1018 1332 tempore
1029 1248 1061 1312 in
1076 1249 1182 1328 Dacia,

90 1345 235 1410 defuncto
265 1348 420 1426 Suenotto,
449 1347 584 1432 regnavit
613 1347 710 1426 Cnud,
743 1348 794 1432 qui
824 1348 928 1412 habuit
954 1350 1122 1415 Norweiam
1151 1358 1183 1416 et

89 1450 218 1514 Daciam
239 1457 269 1515 et
290 1452 439 1536 Angiiam.
478 1451 547 1522 Quo
570 1460 695 1529 mortuo,
718 1452 799 1516 iilius
820 1454 884 1538 ejus
907 1453 1056 1520 Haroldus
1078 1455 1184 1520 habuit

93 1554 256 1640 Angliam;
280 1557 381 1620 Suana
406 1556 620 1622 Normeuniarn
631 1584 641 1636 3
681 1557 863 1621 Hordeonnd
888 1557 1029 1638 Daciam,
1055 1561 1184 1645 quierat

89 1659 175 1724 iilius
200 1659 350 1744 legitimus
376 1683 411 1724 ex
429 1661 526 1726 Imma
536 1688 545 1739 ;
564 1662 647 1747 eujus
662 1684 791 1726 sororem
818 1661 905 1726 duxit
918 1663 1078 1749 imperator
1095 1665 1180 1730 Hen-

89 1764 193 1842 ricus,
215 1764 263 1828 aiii
292 1771 374 1828 eraut
404 1764 440 1828 de
468 1765 641 1830 concubina.
688 1765 820 1831 Haroldo
834 1773 962 1843 mortuo,
993 1768 1177 1834 Hardecnud

92 1867 201 1932 habuit
223 1869 361 1952 Angliam
385 1893 453 1934 cum
475 1870 576 1935 Dacia.
655 1871 746 1934 Suein
769 1878 896 1950 mortuo,
919 1871 1087 1938 Normanni
1107 1874 1183 1938 fece·

89 1979 165 2038 runt
194 1995 304 2058 regem,
335 1973 492 2058 Magnum,
515 1975 613 2038 iiiinm
637 1973 734 2058 Olaph
757 1975 902 2060 martyris.
963 1974 1025 2045 Qui
1047 1976 1182 2057 Daciam,

89 2074 274 2140 Hardecnud
305 2077 448 2142 existente
477 2077 510 2141 in
541 2077 660 2162 Anglia,
694 2079 781 2162 cepit.
829 2077 938 2142 Contra
971 2101 1058 2164 quem
1088 2103 1182 2166 quum

89 2179 317 2264 progrederetur
350 2181 441 2244 Suein
463 2179 502 2244 ad
532 2203 673 2266 pugnam,
704 2181 800 2246 victus
830 2181 918 2246 rediit
951 2183 984 2247 iu
1028 2184 1178 2266 Angliam.

93 2281 277 2346 Hardecnud
299 2293 425 2363 mortuo,
449 2292 479 2349 et
511 2284 674 2350 substituto
708 2286 735 2350 ei
767 2285 856 2349 tratre
880 2285 943 2370 ejus
963 2286 1108 2352 Eduardo
1131 2290 1183 2372 qui

90 2409 196 2472 pacem
217 2387 287 2452 fecit
319 2410 387 2453 oum
410 2389 510 2468 Suein,
544 2391 686 2475 promissa
720 2389 748 2453 ei
769 2388 938 2453 haereditate
960 2397 1028 2474 post
1056 2400 1181 2456 mortem

91 2513 188 2570 suam,
220 2491 349 2576 Magnus
369 2493 469 2558 Dacus
505 2496 632 2560 occurrit
676 2492 840 2560 volentibus
879 2495 1027 2560 vindicare
1059 2495 1183 2561 Ratibor

90 2596 254 2682 prinoipem
286 2619 384 2675 sunm,
407 2620 493 2682 quem
516 2597 595 2662 Dani
617 2599 797 2680 oeciderunt,
821 2609 904 2666 etex
927 2601 968 2665 eis
989 2600 1099 2664 occidit
1121 2599 1181 2663 XV

92 2701 197 2766 millia.
264 2702 355 2766 Suein
378 2725 445 2767 enm
471 2703 584 2788 Magno
606 2705 760 2790 pugnavit,
786 2713 816 2771 et
846 2708 942 2772 victus
963 2706 1042 2791 fugit
1071 2705 1107 2770 ad
1130 2704 1181 2769 Ja-

90 2805 201 2872 oobum
245 2829 345 2891 regem
378 2806 533 2888 Sueorum,
557 2819 586 2872 et
618 2812 681 2896 ejus
714 2812 860 2898 adjutorio
892 2813 1054 2877 instaurato
1085 2810 1182 2876 navali

89 2911 192 2994 praelio
215 2909 362 2994 Magnum
384 2911 498 2998 dejecit,
521 2920 550 2977 et
580 2912 709 2980 obtinuit
731 2915 866 2980 Daciam.
903 2916 1066 2980 Festinavit
1088 2915 1182 3001 igitur

91 3017 121 3082 in
157 3016 302 3102 Angiiam
337 3020 500 3104 navigare3
524 3021 575 3084 sed
609 3020 765 3086 Edoardus
802 3045 870 3086 cum
901 3045 936 3087 eo
971 3044 1075 3107 pacem
1109 3021 1182 3086 iecit

91 3120 240 3207 promisso
256 3120 380 3186 tributo.
394 3127 411 3204 ‡

295 3362 402 3412 Quicquid
409 3365 537 3414 philosophi,
543 3368 644 3416 quicquid
653 3369 747 3408 cecinere
756 3374 832 3418 poetae,

318 3429 409 3480 Ingenio
416 3434 478 3472 ceruit
486 3435 615 3484 eloquioque
625 3447 671 3475 eno.

292 3497 406 3538 cuivestia
420 3503 506 3540 textura
515 3504 624 3550 tudinem
637 3506 832 3554 nonfuitunquam

317 3565 374 3604 Ante
382 3565 440 3606 sitim
447 3573 517 3616 potue,
525 3581 563 3610 nec
572 3573 631 3610 cinus
645 3576 694 3613 ante
702 3575 789 3614 famem.

295 3631 364 3674 Quem
373 3631 453 3673 Natura
459 3646 535 3684 paren·
545 3640 620 3678 mundi
627 3650 695 3689 quum
703 3643 802 3690 contulit,
808 3644 891 3692 iuquit:

320 3702 333 3722 ‘⁴
349 3702 484 3752 Degenerem
490 3705 533 3752 alii,
541 3708 637 3747 nascitur
643 3709 679 3749 iiie
687 3711 747 3750 mihi.
756 3711 768 3728 ''

123 3783 318 3852 iCnnoonns]
345 3781 526 3850 orCodolous,
547 3787 642 3860 bishop
666 3790 697 3842 of
718 3791 822 3856 Parma,
849 3792 947 3844 chosen
974 3789 1120 3856 anti-pope,
1154 3788 1181 3840 in

93 3873 170 3922 1061.

126 3981 282 4052 iswuuno]
307 3981 472 4056 Concerning
485 3987 529 4040 the
549 3989 668 4042 fortunes
681 3993 712 4043 oi
722 3994 824 4064 Sweyn,
846 4015 876 4048 or
889 3998 1023 4067 Suenotto‚
1037 4003 1082 4056 the
1093 4005 1181 4060 Saxon

93 4070 254 4124 Canonium:
279 4069 306 4121 in
330 4070 382 4123 thia
405 4075 481 4143 point
509 4075 620 4148 direotly
642 4081 804 4134 contradicta
816 4101 864 4137 our
876 4087 989 4153 author,
1011 4091 1052 4142 for
1073 4093 1182 4147 thefor-

93 4178 148 4214 mer
161 4160 274 4224 affirmo,
295 4159 353 4212 that
372 4161 406 4214 he
422 4163 467 4216 did
482 4175 528 4217 not
549 4165 637 4220 defeat
658 4168 783 4240 Magnus,
808 4189 856 4224 nor
869 4175 959 4228 obtain
975 4177 1122 4247 Denmark,
1133 4200 1182 4236 nor
