3042 5134
321 491 382 554 loc
732 489 877 554 Ranumu
892 491 994 556 Nicnr

317 662 407 744 pacis.
424 661 526 746 Hujus
540 668 672 745 tempore
681 661 787 725 seditio
798 684 903 745 magna
919 661 976 726 luit
991 663 1022 725 in
1040 662 1151 746 Anglia
1164 664 1298 728 dissensu
1314 687 1417 749 proce-

315 788 380 830 rum
396 778 427 828 et
441 766 518 848 regis
541 763 674 828 mollitie.
746 764 849 828 Fames
863 764 896 827 in
922 764 1033 848 Anglia
1057 765 1182 828 invaluit
1196 787 1264 828 cum
1285 766 1420 830 siccitate

316 868 417 931 nimia.
460 868 524 931 Rex
548 867 719 931 Ludovicus
744 867 889 932 Ludovici
915 868 996 931 lilius
1017 866 1054 931 ab
1076 868 1253 932 Innocentio
1279 891 1360 952 papa
1383 869 1418 930 iu

315 991 413 1052 regem
430 976 627 1034 consecratur.
665 970 725 1033 Hic
738 969 976 1034 clementissima
990 970 1049 1034 luit
1063 979 1185 1046 naturae,
1201 978 1283 1054 pater
1294 971 1416 1034 clerico-

315 1092 380 1134 rum
410 1079 441 1134 et
472 1072 551 1154 pacis
580 1077 702 1148 amator,
729 1071 854 1156 justitiae
880 1073 999 1148 zelator,
1027 1071 1219 1154 benignitatis
1249 1072 1411 1156 specimen,

316 1171 445 1236 ecclesiae
460 1179 552 1250 tutor,
567 1193 729 1256 pauperum
746 1173 922 1249 consolator,
935 1194 1141 1257 oppressorum
1159 1172 1338 1251 sublevator,
1356 1175 1417 1237 viui

314 1280 441 1356 potator.
485 1275 557 1338 Tres
572 1296 677 1338 uxores
692 1273 806 1338 habuit.
877 1275 924 1338 De
941 1275 1118 1352 Alienoride,
1133 1275 1197 1338 lilia
1212 1275 1330 1338 comitis
1346 1277 1415 1338 Pic-

313 1375 410 1449 taviae,
424 1375 546 1440 sustulit
560 1375 634 1439 duas
648 1376 725 1440 lilias
742 1404 749 1440 :
767 1375 803 1438 de
819 1375 1003 1460 llispannica
1016 1377 1107 1440 duas:
1133 1376 1169 1439 de
1178 1375 1417 1440 filiaTheobaldi

314 1477 431 1541 comitis
445 1499 535 1542 unam
549 1484 580 1542 et
595 1477 769 1562 Philippum
783 1501 891 1560 regem.

359 1629 481 1692 Mortuo
496 1652 564 1713 rege
579 1629 739 1713 Stephano,
756 1631 809 1712 qui
825 1631 906 1693 XIX
921 1630 1005 1694 annis
1023 1632 1167 1713 regnavit,
1181 1628 1333 1692 Henrious
1349 1627 1412 1690 dux

313 1729 394 1794 tilius
410 1730 535 1794 Galfridi
553 1732 668 1794 comitis
683 1755 719 1795 ex
734 1733 917 1816 imperatrice
932 1740 1098 1806 coronatur,
1115 1732 1167 1815 qui
1181 1741 1329 1794 terrarum
1346 1751 1413 1812 por·

313 1831 409 1895 tiones
432 1832 462 1894 in
479 1831 605 1896 solidum
621 1839 687 1896 astu
710 1856 770 1896 non
793 1832 904 1897 viribus
920 1835 1024 1910 univit,
1041 1840 1077 1897 ut
1090 1832 1228 1917 praedixit
1252 1831 1411 1895 Merlinus

312 1933 397 1997 Tunc
412 1935 499 1998 tertio
523 1933 686 2018 datumsest
701 1937 887 2020 Dancgheld,
905 1937 974 2000 data
988 1937 1065 2020 regis
1079 1936 1142 2000 lilia
1166 1935 1235 1998 duci
1261 1934 1410 1999 Saxoniae.

312 2033 414 2120 Hujus
438 2058 516 2099 auno
539 2037 628 2114 xvo,
653 2045 755 2122 aperto
782 2039 911 2102 mulieris
932 2038 1066 2122 sepulcro
1092 2039 1124 2100 in
1151 2036 1259 2120 Anglia
1282 2055 1411 2098 examen

312 2159 478 2204 muscarum
495 2148 525 2206 et
544 2139 713 2204 burdonum
735 2140 955 2205 foetidissimum
978 2147 1023 2204 est
1045 2146 1202 2224 repertum.
1263 2137 1413 2220 Tempore

311 2246 390 2328 regis
399 2244 524 2308 Henrici
535 2244 641 2308 claruit
654 2243 760 2307 beatus
771 2243 913 2320 Thomas,
926 2243 1145 2307 Cantuariensis
1162 2240 1410 2324 archiepiscopus,

311 2347 363 2431 qui
377 2370 431 2430 pro
456 2347 625 2413 defensione
639 2346 841 2410 ecclesiasticae
856 2344 999 2409 libertatis
1015 2343 1135 2408 exilium
1150 2341 1217 2405 VII
1232 2342 1319 2404 annis
1343 2361 1410 2423 per-

310 2473 425 2535 pessus,
440 2451 559 2516 tandem
580 2451 614 2515 in
628 2449 747 2514 basilica
761 2449 839 2511 sedis
855 2472 915 2512 suae
932 2447 1070 2532 martyrio
1085 2451 1242 2510 coronatus
1257 2451 1312 2522 est,
1329 2467 1409 2508 anno

309 2553 419 2617 Christi
446 2553 679 2618 MoOoLXXIo.
728 2551 811 2614 Huic
836 2552 978 2615 successit
1012 2549 1156 2612 Ricardus
1189 2547 1232 2610 vir
1264 2545 1406 2623 liberalis,

310 2654 446 2732 affabilis,
482 2663 513 2719 et
541 2657 574 2719 in
603 2655 726 2718 terrenis
753 2655 973 2718 administrator
1004 2653 1242 2735 circumspectus,
1273 2672 1291 2711 a
1318 2647 1407 2711 beato

308 2757 480 2838 Augustino
503 2759 607 2821 XLus.
631 2759 769 2828 Quorum
784 2755 1068 2838 archiepiscoporum
1084 2752 1203 2816 nomina
1223 2751 1286 2814 haec
1310 2756 1406 2816 sunt:

310 2857 436 2921 Sanctus
462 2860 661 2940 Augustinus,
688 2858 878 2936 Laurentius,
908 2857 1053 2932 Mellitus,
1081 2855 1101 2917 J
1105 2862 1199 2930 ustus,
1238 2850 1405 2927 Honorius,

307 2963 483 3041 Dcusdedit,
498 2964 678 3042 Theodorus,
696 2963 890 3040 Bertwaldus,
906 2962 1075 3036 Taduinus,
1099 2957 1290 3032 Nothelurus,
1308 2954 1405 3018 Outh·

308 3066 420 3144 bertus,
436 3067 618 3150 Bregwinus,
630 3066 816 3143 Lambertus,
828 3063 996 3136 Adilerdus,
1007 3059 1197 3132 Wulvredus,
1210 3056 1404 3128 Switlrredus,

308 3168 479 3247 Ohelnotusr,
496 3169 643 3247 Eilredus,
660 3166 910 3251 Pleghemundus,
933 3164 1089 3238 Adelmus,
1108 3158 1297 3236 Wullelmus,
1323 3157 1402 3233 Odo,

307 3270 493 3349 Dunstanus,
516 3271 704 3353 Ethelgarus,
721 3269 879 3352 Sigericus,
899 3267 1041 3342 Elvricus,
1058 3263 1221 3346 Elphegus‚
1244 3260 1402 3342 Livingus,

308 3372 483 3451 Chelnotus,
499 3374 639 3451 Edsinus,
658 3372 819 3448 Robertus,
836 3368 1006 3451 Stigandus,
1020 3366 1214 3439 Lanfrancus,
1231 3360 1403 3431 Anselnrus,

307 3471 463 3550 liedulfus,
489 3474 668 3550 Willelmus,
691 3472 889 3549 Theobaldus,
918 3469 1046 3533 Sanctus
1075 3467 1212 3542 Thomas,
1245 3461 1403 3538 Ricardus,

307 3570 504 3640 Baldewinus.

362 3724 455 3788 Anno
480 3725 576 3811 primo
610 3726 727 3790 Ricardi
761 3724 983 3788 cantuariensis
1012 3720 1141 3805 episcopi
1171 3716 1327 3781 combusta
1356 3721 1403 3776 est

307 3828 429 3893 ccclesia
445 3827 669 3892 cantuariensis
686 3854 692 3891 :
724 3829 762 3891 ad
778 3827 863 3911 cujus
879 3825 1090 3909 reparationem
1106 3820 1188 3885 dedit
1203 3818 1261 3881 XL
1277 3838 1400 3890 marcas,

306 3953 398 4015 quum
425 3932 508 4015 prins
533 3953 587 4015 pro
612 3931 836 3995 confirmatione
863 3951 925 3991 suae
950 3925 1100 3990 electionis
1130 3922 1231 3985 decem
1261 3918 1400 3981 dedisset.

308 4030 381 4106 Quo
396 4042 528 4116 tempore
545 4032 619 4096 obiit
634 4032 653 4094 J
655 4033 786 4096 ohannes
800 4029 1028 4114 Neapolitanus.
1053 4026 1124 4090 Quo
1140 4027 1268 4097 mortuo,
1284 4018 1401 4082 audier-

306 4141 363 4197 unt
377 4134 542 4198 nautaesub
557 4135 658 4199 Ethna
670 4155 772 4198 vocem
784 4132 939 4206 dicentem,
957 4136 978 4164 “
989 4127 1151 4193 Accendite
1165 4125 1265 4189 locum
1282 4123 1289 4185 l
1314 4119 1400 4185 Obiit
