3042 5134
508 522 700 591 Cnnonrcou
716 523 743 588 Ι.
1158 529 1198 592 75

88 695 238 778 tudinisss
254 695 410 761 Franciam
433 693 672 779 depopulantnr3
697 700 728 759 et
744 693 783 758 iit
806 693 899 758 famcs
924 683 956 758 et
978 694 1147 780 pestilentia
1168 703 1200 761 et

88 801 196 886 hyems
211 798 422 883 gravissima]

138 899 318 966 Ludovicn'
325 900 491 985 Imperator
500 899 534 964 in
542 897 631 964 Italia
643 900 768 964 moritur
775 927 786 979 ;
800 906 832 964 et
846 906 970 985 patruus
985 901 1051 986 ejus
1061 899 1195 978 Carolus,

92 1025 150 1068 rex
176 1003 368 1082 Francorum,
395 1003 521 1068 Romam
553 1002 660 1087 pergit,
686 1008 717 1067 et
741 1002 869 1088 imperat
893 998 1013 1068 dnobus
1036 1003 1133 1081 annis,
1162 1010 1195 1067 et

88 1106 196 1170 statim
219 1105 331 1191 sprcw't
356 1104 586 1170 consuetudines
609 1104 752 1185 Francia,
778 1114 810 1170 ct
835 1105 960 1170 adhaesit
983 1105 1195 1171 consuetudini

89 1209 277 1286 Graccornm,
293 1213 323 1272 ct
346 1206 469 1272 timidus
484 1207 578 1286 valde,
594 1206 734 1272 audacter
759 1207 938 1286 minabatur,
953 1214 985 1272 et
999 1209 1090 1293 coepit
1102 1207 1195 1273 laces-

87 1333 155 1376 sore
186 1313 308 1376 fratrem
339 1335 428 1376 sumn
459 1310 659 1376 Lndovicum.
712 1309 886 1375 Lndovicns
916 1305 1016 1376 autem
1045 1311 1079 1375 in
1110 1309 1193 1376 brevi

88 1415 228 1493 moritur,
244 1427 274 1479 ct
284 1421 345 1479 tras
358 1414 438 1478 iiiios
452 1413 574 1498 reliquit
588 1412 728 1490 haeredcs,
746 1411 933 1478 Lndovicnm
949 1419 981 1477 et
994 1412 1145 1501 carolum,
1160 1419 1192 1478 et

89 1517 233 1583 Carolum
268 1517 427 1602 Magnum.
496 1516 620 1582 Carolus
654 1516 757 1600 igitur,
787 1516 820 1580 in
855 1515 986 1580 haeredes
1017 1506 1117 1580 fratris
1140 1516 1190 1580 sni

89 1641 285 1705 consurgens,
307 1621 405 1684 victus
425 1619 459 1684 in
479 1619 581 1705 praelio
610 1619 699 1704 fugit.
744 1618 900 1683 Profectus
926 1625 1027 1684 tamen
1043 1610 1186 1698 Romam,

88 1725 271 1806 Bosonem,u
300 1723 419 1796 fratrem
434 1723 535 1788 uxoris
562 1744 632 1800 suaa,
660 1721 732 1786 fecit
745 1743 856 1804 regem,
872 1722 941 1786 data
966 1722 1041 1786 eiin
1063 1744 1187 1786 uxorem

84 1827 153 1892 filia
183 1826 329 1890 Ludovici
358 1825 558 1911 Imperatoris.
594 1818 642 1888 “In
676 1824 723 1888 via
751 1844 823 1888 vero
855 1824 1039 1909 potionatus,
1072 1823 1193 1890 interiit

84 1930 169 2014 apud
191 1930 358 1994 Mantuam.
416 1929 512 1994 Filius
532 1951 602 1993 vcro
626 1929 692 2013 ejus
713 1927 885 1992 Lndovicus
907 1927 1020 1991 Balbus
1040 1927 1073 1992 in
1093 1927 1194 1992 Fran·

88 2034 137 2097 cia
151 2033 287 2117 regnavit
310 2031 428 2096 duobus
444 2033 538 2098 annis.
593 2031 614 2096 J
616 2029 703 2096 unior
725 2053 795 2095 voro
810 2031 943 2110 Carolus,
957 2031 1041 2095 filius
1055 2029 1187 2095 Lndori-

88 2136 152 2220 cib
181 2135 339 2220 imperavit
367 2135 436 2200 XII
464 2135 558 2199 annis.
626 2135 735 2198 Postea
773 2155 853 2212 vero,
883 2141 1028 2218 tanquam
1057 2133 1186 2212 inutilis,

85 2239 262 2325 repudiatus
277 2245 332 2318 est,
348 2243 378 2304 et
392 2237 573 2305 substitutus
587 2243 633 2304 cst
647 2238 674 2303 ei
688 2237 846 2317 Amulius,
861 2237 943 2302 iilius
957 2236 1055 2302 Caroli
1068 2237 1186 2321 Magni,

88 2349 122 2407 et
136 2342 274 2425 regnavit
289 2341 356 2406 XII
371 2343 468 2407 annis.

148 2445 318 2510 Romanum
343 2445 435 2530 igitur
461 2445 622 2530 Imperiom
646 2445 751 2510 misere
771 2443 953 2529 discerpitur
978 2466 1014 2508 eo
1037 2449 1185 2528 tempore.

86 2547 235 2613 Ludovici
250 2547 335 2612 Balbi
356 2549 438 2612 iilius
460 2549 550 2612 ctiam
575 2571 593 2612 a
607 2548 731 2613 Francis
754 2547 916 2633 despicitur
930 2570 1015 2632 puer,
1039 2553 1069 2611 ct
1083 2568 1137 2632 pro
1151 2568 1187 2610 eo

82 2652 155 2717 Odo
176 2675 229 2716 rex
251 2658 376 2717 creatur.
411 2651 559 2717 Rodulius
584 2653 673 2716 etiam
695 2673 746 2716 rcx
766 2651 1013 2735 Burgrmdiorum
1041 2649 1182 2715 efficitur.

131 2755 236 2820 Romae
257 2753 334 2820 sedit
356 2755 506 2820 Martinus
527 2777 613 2840 papa,
636 2761 756 2839 etpost
778 2777 847 2819 cum
879 2754 1038 2839 Agapitus,
1061 2760 1092 2818 et
1114 2760 1184 2837 post

83 2880 157 2922 eum
179 2857 337 2937 Adrianus,
353 2864 383 2922 ct
403 2864 471 2942 post
492 2881 562 2924 eum
584 2857 722 2922 Basilius.
768 2857 875 2922 Odons
897 2857 1016 2921 demum
1036 2856 1182 2922 existente

82 2961 116 3024 in
148 2960 326 3039 Guasconia,
357 2961 462 3026 Franci
488 2983 588 3045 regem
609 2960 724 3024 faciunt
744 2959 893 3036 Carolum,
916 2959 1014 3024 filium
1037 2957 1186 3023 Ludouici

119 3099 135 3156 1
153 3095 300 3164 [recusum]
320 3095 412 3148 About
424 3095 470 3149 the
488 3095 582 3148 month
595 3095 625 3147 of
635 3097 749 3164 August,
764 3111 835 3147 anno
846 3097 898 3147 873
912 3091 985 3162 (s'ays
998 3093 1085 3162 Aspin
1102 3093 1131 3145 in
1145 3093 1189 3145 his

81 3179 201 3232 Tabular
215 3179 396 3250 Chronclcgy)
410 3197 533 3233 aswarm
545 3181 575 3232 cf
584 3180 695 3232 Locusta
708 3179 739 3232 cf
747 3166 902 3249 prodigious
910 3179 964 3230 sine
974 3178 1022 3230 fall
1030 3178 1059 3230 in
1066 3178 1187 3244 France3

84 3266 141 3320 and
152 3266 180 3318 in
189 3265 234 3320 tha
246 3283 326 3338 space
340 3267 371 3319 of
379 3285 447 3320 even
460 3284 512 3320 cna
523 3267 602 3336 night
613 3267 714 3320 devonr
726 3283 794 3318 even
807 3265 853 3318 the
865 3265 998 3318 bracchas
1012 3263 1064 3316 and
1079 3264 1146 3317 bark
1159 3266 1191 3317 of

85 3370 180 3424 young
196 3361 275 3406 trees.
295 3353 366 3408 Soon
378 3353 532 3407 afterwards
544 3353 608 3424 they
627 3340 680 3417 die,
699 3351 752 3406 aud
771 3369 800 3403 so
817 3351 901 3404 infect
918 3351 964 3404 the
982 3349 1023 3404 air
1040 3350 1103 3403 with
1121 3350 1191 3403 their

83 3439 177 3510 pntrid
186 3456 314 3504 carcasea,
326 3457 355 3492 aa
368 3447 396 3492 to
406 3440 529 3493 occasion
538 3437 736 3510 apestilence.”
745 3438 796 3491 Sec
807 3438 852 3490 Du
861 3439 980 3503 Cursus,
993 3437 1073 3490 Hiar.
1084 3437 1187 3515 Fauno.

86 3525 122 3578 v.
139 3525 160 3590 1,
175 3542 202 3594 p.
215 3529 277 3578 aaa.

119 3611 142 3672 'i
159 3611 261 3666 Hunus
275 3612 455 3682 suavissima]
471 3611 504 3666 In
513 3612 558 3665 tha
566 3628 630 3684 year
641 3615 701 3676 869,
715 3627 798 3664 wasa
816 3611 986 3681 remarkably
1003 3610 1070 3664 hard
1084 3610 1187 3677 winter,

81 3699 180 3770 during
191 3699 278 3753 which
291 3699 336 3752 tha
347 3699 468 3753 Adriatic
482 3717 536 3754 was
547 3699 639 3754 frozen
658 3717 729 3764 over,
746 3698 801 3752 and
817 3699 952 3768 carriages
970 3702 1036 3755 used
1055 3717 1090 3751 on
1105 3699 1127 3750 it
1147 3698 1188 3752 for

83 3786 130 3840 the
142 3786 351 3857 transportatiou
365 3787 395 3838 of
402 3785 598 3840 merchandize.
616 3785 711 3838 Ascra.

122 3877 133 3938 ss
156 3873 302 3943 Bosounu]
325 3872 370 3926 Ha
383 3890 436 3927 was
448 3873 514 3944 king
526 3873 556 3926 cf
564 3873 651 3937 Aries,
665 3872 801 3926 Provence
815 3871 869 3925 and
883 3871 1040 3942 Burgundy,
1053 3869 1107 3924 aad
1126 3869 1188 3922 died

84 3975 155 4012 auno
167 3961 230 4011 888.
1161 4005 1167 4016 ,

118 4049 130 4107 5
152 4045 285 4098 Kaaonus
298 4061 388 4098 riorus
401 4043 548 4115 Lonorrcr]
574 4045 639 4099 This
648 4046 749 4116 priuos,
759 4045 820 4098 who
828 4045 896 4097 from
907 4045 953 4097 the
962 4043 1100 4097 wcahness
1111 4045 1143 4094 cs
1148 4041 1190 4093 his

80 4131 199 4185 intellect
217 4149 272 4184 was
290 4132 433 4184 surnamed
452 4149 507 4186 nnn
520 4134 632 4196 Sinara,
646 4151 700 4186 was
713 4133 758 4185 the
779 4149 827 4186 son
840 4132 871 4183 oi
881 4131 961 4184 Louis
978 4130 1086 4193 Balbus,
1105 4146 1136 4180 or
1146 4129 1192 4185 the

78 4219 250 4281 Stammercr,
264 4218 300 4287 by
313 4217 405 4275 Quaen
420 4219 559 4272 hdelaide.
