3042 5134
326 552 369 613 24
717 546 864 611 Rannurr
886 545 991 613 Nrnrn

370 731 429 796 Cui
444 731 588 795 successit
602 731 689 795 'litus
701 753 780 796 anno
795 731 1009 796 incarnationis
1026 732 1077 810 81,
1090 734 1120 795 et
1133 730 1387 815 imperavitannis

324 833 443 897 dnobus
458 841 488 898 et
502 833 630 897 totidem
646 832 808 898 mensibus.
869 834 931 897 Hic
945 833 1005 897 fuit
1020 832 1104 897 omni
1115 856 1224 917 genere
1238 833 1386 898 umatum

324 935 494 1020 praeclarns,
509 942 540 999 et
558 935 798 1011 facundissimus,
814 934 982 999 etmaxime
1005 935 1181 999 liberalitate
1206 934 1385 1020 praecipuus.

325 1037 389 1107 Qui
424 1037 551 1116 dicebat,
580 1060 612 1102 ae
640 1038 717 1103 diem
742 1038 922 1119 perdidtrae,
951 1059 1012 1121 quo
1041 1037 1118 1101 nihil
1146 1037 1294 1101 militibus
1323 1038 1386 1101 suis

322 1141 472 1205 donasset.

367 1244 437 1306 Tito
451 1241 594 1306 successit
608 1241 699 1305 nater
713 1240 777 1325 ejus
792 1240 993 1321 Domitianus,
1009 1263 1089 1306 anno
1106 1241 1318 1306 incarnationis
1331 1246 1382 1322 83,

324 1351 356 1408 et
370 1345 526 1429 imperavit
541 1346 593 1423 15,
617 1343 702 1407 annis
717 1349 748 1405 et
766 1344 917 1408 mensibus
938 1347 968 1407 6.
1012 1344 1163 1408 «loannem
1180 1345 1260 1409 enim
1282 1346 1383 1409 Evan-

325 1446 463 1530 gelistam
488 1445 643 1509 damnavit
666 1444 757 1509 exilio
781 1444 813 1507 in
841 1444 987 1509 Pathmos
1014 1445 1154 1525 insulam,
1180 1445 1234 1510 ubi
1262 1446 1382 1531 scripsit

325 1548 555 1633 Apoehrypheu.

378 1651 458 1713 Lino
483 1649 625 1713 successit
647 1647 760 1726 Cletus,
777 1647 829 1732 qui
849 1648 925 1712 sedit
950 1650 989 1712 le
1015 1650 1112 1713 annis.
1156 1649 1213 1713 Cui
1238 1650 1381 1716 suecessit

324 1753 474 1817 Clemens.
521 1752 558 1814 In
575 1750 756 1814 Alexandria
770 1752 889 1814 Ananio
907 1750 1054 1814 Abilinns.

366 1854 540 1919 Domitiano
554 1852 657 1915 Nerva
670 1853 813 1916 successit
828 1876 906 1916 auno
921 1853 1130 1917 iucarnationis
1147 1858 1197 1933 98,
1209 1860 1239 1919 et
1253 1855 1380 1942 impera.
1449 1912 1451 1915 .

321 1959 366 2021 vit
380 1978 458 2020 anno
471 1977 541 2017 uno.
586 1954 648 2017 Hic
657 1954 804 2018 loannem
815 1960 845 2017 et
860 1955 932 2018 alios
948 1956 1049 2018 exules
1063 1955 1100 2019 ab
1115 1957 1204 2020 exilio
1218 1963 1376 2027 revocavit.

323 2059 433 2124 Nervae
462 2057 604 2120 successit
623 2056 778 2141 Trajanus,
801 2080 879 2120 auno
905 2059 1116 2121 incarnationis
1143 2059 1264 2124 Domini
1281 2068 1332 2142 99,
1349 2073 1379 2128 et

322 2160 577 2247 imperavitannis
594 2160 634 2221 19
650 2167 681 2221 et
695 2159 847 2222 mensibus
863 2162 892 2221 6.
939 2160 1000 2223 Hic
1023 2160 1081 2222 fuit
1100 2160 1229 2224 liberalis
1244 2171 1274 2226 et
1289 2165 1376 2250 dilig·

324 2287 388 2329 ens.
433 2264 508 2326 Erat
523 2283 642 2345 quoque
656 2262 683 2324 ei
699 2260 781 2323 domi
796 2262 947 2339 securitas,
965 2268 995 2323 et
1010 2261 1041 2323 in
1057 2260 1142 2324 bellis
1157 2262 1312 2330 fortitudo.

365 2366 503 2433 Clemens
519 2364 597 2427 sedit
613 2368 632 2427 9
647 2364 754 2441 annis;
792 2363 841 2426 cui
864 2363 1026 2427 Anaeletus
1042 2370 1072 2427 et
1094 2363 1252 2429 Euaristns
1260 2394 1270 2446 3
1302 2376 1332 2433 et
1347 2372 1374 2435 ei

321 2469 500 2544 Alexander,
516 2467 639 2550 quintus
654 2473 722 2550 post
736 2466 871 2529 Petrum.

369 2574 455 2637 Circa
470 2591 505 2633 ea
519 2577 654 2651 tempora
673 2567 787 2630 Simoni
808 2566 901 2649 Mago
917 2569 1059 2632 successit
1079 2569 1245 2635 Menander
1260 2574 1372 2659 Magus

319 2683 352 2740 et
366 2675 469 2739 Simon
485 2670 698 2744 Samaritanus,
714 2670 764 2752 qni
780 2692 812 2731 se
827 2670 1006 2733 Salvatorem
1023 2673 1166 2735 mentitus
1181 2680 1236 2752 est,
1252 2682 1282 2739 et
1296 2678 1370 2741 Ebi-

320 2777 428 2852 onitas,
440 2774 459 2835 i.
471 2794 497 2835 e.
509 2793 653 2855 pauperes
667 2771 699 2834 in
713 2770 921 2854 intelligentia,
933 2772 1060 2849 seduxit,
1073 2782 1108 2836 nt
1123 2774 1255 2839 dicerent
1269 2777 1371 2844 Chris.

319 2890 388 2944 tum
411 2885 518 2939 natum
540 2895 577 2936 ex
598 2874 663 2936 viro
682 2881 713 2936 et
736 2875 865 2950 faemina,
886 2880 917 2935 et
939 2883 1042 2957 postea
1067 2887 1169 2939 natum
1198 2900 1234 2941 ex
1260 2880 1375 2964 Spiritu

321 2983 432 3046 Sancto
449 2986 480 3041 et
495 2977 626 3053 loemina,
642 2982 673 3039 et
687 2998 750 3039 non
764 2977 856 3039 fnisse
871 2976 968 3040 Deum
985 2984 1054 3039 ante
1066 2978 1182 3057 saecula,
1199 3002 1295 3064 neque
1312 3006 1376 3048 sur-

319 3091 430 3155 rexisse
444 3112 461 3151 a
475 3087 610 3165 mortuis,
626 3109 723 3170 neque
738 3085 905 3149 ascendisse
919 3087 951 3149 in
967 3087 1073 3151 ooelurn
1090 3089 1296 3175 mundumque
1311 3117 1371 3160 non

318 3194 425 3270 aDeo,
441 3190 494 3254 sed
508 3189 545 3254 ab
561 3189 674 3273 augelis
696 3188 810 3252 lactum
824 3188 925 3265 luisse,
940 3188 1054 3272 Legem
1076 3196 1105 3252 et
1120 3191 1318 3277 Evangelium
1340 3198 1372 3262 in

317 3294 467 3379 aliquibus
493 3301 651 3355 servantes.
698 3291 769 3354 Fuit
797 3298 828 3355 et
853 3291 1014 3354 Cerinthns
1039 3294 1090 3375 qni
1118 3292 1229 3359 diceret
1258 3298 1371 3364 Christi

318 3419 443 3482 regnum
474 3396 609 3458 futurum
636 3416 700 3457 esse
730 3401 880 3457 terrenum
908 3400 978 3477 post
1003 3394 1084 3458 mille
1110 3418 1220 3462 annos:
1244 3406 1274 3462 et
1299 3406 1374 3467 tunc

318 3500 417 3563 omnia
431 3497 537 3581 legalia
551 3520 615 3560 esse
630 3496 807 3560 renovanda.
853 3496 924 3560 Fuit
939 3503 969 3560 et
978 3497 1097 3560 haeresis
1109 3498 1325 3566 Nicolaitarum
1336 3505 1373 3569 de

318 3600 494 3666 damnandis
512 3599 626 3682 nuptiis
641 3604 670 3661 et
691 3598 841 3681 sequenda
856 3601 1047 3664 continentia.
1068 3601 1134 3665 Hos
1157 3611 1254 3668 antem
1271 3628 1373 3673 omncs

317 3702 484 3768 confutavit
498 3699 602 3763 beatus
618 3700 782 3778 Johannes,
798 3701 929 3765 scribens
946 3702 1151 3786 Evangelinm.

361 3804 424 3869 Snb
439 3802 497 3867 hoc
511 3810 611 3865 autern
626 3802 751 3885 Trojano
767 3803 873 3866 tertius
887 3803 1017 3887 impetus
1034 3808 1270 3890 persequutionis
1286 3808 1369 3876 ebul·

314 3908 468 3990 linitque
486 3903 590 3968 beatus
612 3904 749 3968 Clemens
763 3904 796 3967 in
815 3906 887 3969 mari
908 3905 1077 3971 submersus
1100 3922 1145 3972 est
1154 3937 1163 3987 ;
1198 3916 1228 3973 et
1249 3912 1370 3979 Simeon

318 4007 534 4093 Hierosolymis
547 4006 706 4069 crucifixus
717 4033 727 4085 ,-
743 4014 773 4070 et
785 4007 922 4090 lgnatius
931 4010 1139 4075 Antiochenus
1151 4012 1253 4077 Rornae
1269 4014 1371 4081 bestiis

317 4113 452 4198 objectus
460 4138 470 4189 ;
494 4116 525 4173 et
540 4108 609 4172 alibi
624 4107 765 4172 trucidati
781 4110 938 4173 innumeri.
998 4112 1103 4176 Donec
1123 4113 1240 4178 Plinius
1256 4116 1367 4182 Secun-

314 4218 371 4280 dus
399 4213 638 4277 Clnistianorum
664 4210 767 4274 docuit
791 4211 993 4276 innocentiam
1006 4242 1015 4292 ;
1040 4222 1075 4279 nt
1101 4239 1191 4281 sunm
1221 4218 1366 4304 Trajanus

316 4323 493 4401 temperaret
519 4315 661 4390 edictum,
685 4336 723 4377 ne
746 4313 967 4396 requirerentur
989 4317 1170 4397 Christiani3
1219 4321 1243 4384 si
1266 4329 1367 4387 tamen
