3042 5134
533 483 723 549 Cuncrrocn
748 483 777 548 Ι.
1155 488 1194 551 77

88 655 185 757 etita
200 653 364 740 imperialia
383 652 557 718 indumenta
576 660 607 718 et
619 651 753 718 diademo
774 653 943 738 assumpsit,
959 668 989 716 et
1001 652 1194 740 Christcphc·

87 780 165 824 rum
182 757 283 822 filium
297 779 385 820 suum
405 755 441 820 ed
464 755 671 840 imperandum
693 755 802 820 accivit
815 777 905 840 super
920 754 1073 821 domicum
1095 777 1195 822 suum.

88 861 157 926 Sed
172 866 311 926 mortuus*
322 866 367 924 est
376 859 483 939 pfilios
497 865 598 926 temen
611 875 691 937 soce·
707 859 892 942 Stephanum
908 865 939 924 et
953 859 1194 938 Constantinum,
1330 932 1333 936 A

89 961 261 1040 coronavit,
286 961 407 1026 dominc
432 979 487 1028 suo
501 961 702 1026 Constantino
723 961 836 1026 uictum
859 967 1012 1046 querente
1034 962 1205 1048 pingendo·-

91 1063 282 1144 Ludcvicun
297 1065 381 1130 iilius
395 1063 540 1143 Bosonis,⁴
558 1069 735 1150 provocetue
756 1063 795 1128 nd
808 1064 976 1149 imperinm,
1002 1085 1092 1150 quem
1105 1064 1198 1130 inter·

92 1173 221 1254 ceptum
256 1167 455 1252 Berengsrius.
489 1167 590 1254 jurare
628 1166 773 1251 compulit
811 1189 844 1232 se
879 1187 1041 1252 uunquam
1071 1169 1200 1254 emplius

91 1274 303 1358 ingressurum
326 1270 456 1336 Italiam.
511 1268 727 1347 Veruntamen,
753 1268 861 1334 iterato
884 1276 1017 1348 vocatus,
1039 1269 1201 1336 immernor

91 1375 270 1462 juramenti,
298 1372 514 1458 Berengeritum
543 1371 669 1457 expulit,
698 1378 729 1436 et
756 1371 877 1436 Italiam
901 1371 1020 1438 invasit.
1065 1373 1199 1440 Tandem

94 1499 170 1544 vero
195 1477 276 1563 apud
290 1476 440 1540 Veronam
456 1497 474 1540 c
487 1473 662 1540 custodibus
685 1473 823 1552 civitatis,
839 1474 987 1559 corruptis
1000 1494 1083 1554 curo,
1103 1473 1200 1540 oculis

93 1582 242 1666 privetur.
271 1597 274 1606 “
308 1577 399 1643 Unde
435 1578 526 1642 etiem
563 1576 704 1661 Hungnri
748 1598 818 1640 cum
860 1575 967 1640 eodem
1015 1577 1197 1663 Berengerio

94 1683 241 1761 redemti
256 1681 465 1748 Alemannicm
478 1685 606 1746 vesone
635 1679 814 1745 Ludovicus
825 1697 880 1744 rex
895 1681 1062 1748 Germanic
1072 1683 1199 1748 moritur

93 1811 160 1853 non
181 1792 358 1872 assequutus
380 1784 617 1850 benedictionem
637 1783 837 1870 Imperielem·
903 1782 966 1850 Sed
986 1802 1018 1850 et
1037 1786 1197 1854 Comedus

94 1890 270 1969 succedens,
287 1912 324 1954 es
345 1889 441 1954 ceruit
459 1887 667 1954 beneclictious
677 1914 687 1967 3
709 1893 741 1953 et
761 1887 898 1972 regiravit
918 1888 985 1954 Vll
1005 1871 1102 1958 uenis.
1155 1892 1199 1958 Et

92 1994 232 2072 carolus,
254 2015 307 2060 rex
319 1992 511 2070 anocrum,
532 2012 661 2076 regnum
680 1991 885 2075 Lothoringie
906 1991 1022 2058 hebuit.

144 2097 243 2162 Rome
263 2095 458 2170 Antestssius,
480 2099 511 2158 ct
531 2099 601 2180 post
621 2115 692 2158 eum
713 2093 877 2158 Jchuunee.
928 2094 1002 2160 Post
1022 2095 1197 2164 Comsdum

97 2199 258 2285 imperavit
286 2197 447 2276 Henricus,
471 2195 553 2261 iilius
575 2194 704 2261 Othonis
733 2194 818 2260 ducis
838 2194 985 2274 senonim,
1007 2195 1039 2262 X
1059 2202 1091 2262 et
1111 2197 1198 2264 vm

95 2303 194 2368 aunis.
247 2301 295 2366 llo
323 2307 457 2385 tempore
488 2299 624 2366 conversi
653 2303 726 2364 sunt
754 2297 863 2362 Boemi
891 2295 931 2362 nd
959 2297 1076 2366 Fidem.
1131 2299 1201 2366 Iste

95 2405 251 2471 Heuricus
271 2403 356 2470 nevit
377 2426 409 2468 ee
430 2396 600 2468 deleturum
622 2400 760 2468 heresim
782 2398 992 2480 Sinopicum,
1016 2401 1043 2466 si
1063 2400 1200 2468 vinceret

96 2508 262 2593 Huugeros
290 2528 361 2571 cum
384 2503 507 2572 Selerdc
526 2503 603 2570 (luce
624 2522 688 2568 sno.
710 2502 794 2568 Vicit
807 2501 901 2587 igitur
931 2507 962 2567 et
982 2525 1067 2589 poeue
1087 2502 1199 2571 deleuit

96 2633 158 2677 cce.
205 2609 266 2676 Hic
286 2609 326 2674 de
357 2606 562 2673 condemnatio
582 2605 700 2672 iuribus
732 2611 764 2670 et
783 2603 976 2690 predonibus
999 2611 1031 2670 et
1050 2604 1199 2674 similibue

96 2714 247 2800 legionem
266 2711 396 2796 college,
417 2717 450 2778 et
469 2733 519 2775 cos
540 2715 643 2776 contre
664 2707 804 2776 barbaros
823 2707 991 2788 destinavit,
1013 2713 1046 2775 et
1066 2714 1102 2774 ut
1122 2709 1196 2776 solis

98 2815 230 2885 civibus,
247 2819 410 2901 parcerent,
444 2813 547 2878 edixit.
592 2813 658 2878 Rex
690 2812 815 2878 carolus
845 2818 875 2876 et
907 2812 1059 2882 Heuriuus
1089 2813 1197 2878 neunt

96 2941 210 3007 pacem.
268 2917 392 2984 Ceuclue
406 2923 510 2982 coutm
525 2915 691 2982 Bobertum
705 2915 813 2980 ducem
837 2915 960 2982 fratrem
973 2916 1051 3001 regis
1066 2916 1198 2982 Othonis

97 3024 228 3102 dimicet,
259 3027 291 3086 ct
321 3043 394 3088 eum
423 3019 544 3086 occidit.
587 3018 688 3096 Unde,
718 3032 824 3104 postca
844 3018 1011 3103 captivatur
1041 3043 1061 3084 c
1088 3019 1198 3086 comite

98 3125 258 3192 Herbertu
303 3122 495 3208 Rodulphus,
509 3144 561 3188 sex
582 3121 839 3206 Burgundiorum,
861 3120 985 3205 expulso
1005 3121 1200 3207 Berengnric,

95 3249 220 3313 regnum
237 3227 334 3296 Iteliee
354 3225 453 3290 tenuit
473 3223 530 3290 111
551 3225 645 3290 uuum.
699 3225 824 3289 Mortuo
844 3223 1035 3308 Berengnrio,
1057 3224 1198 3309 Huugeri

94 3332 130 3396 in
151 3329 240 3394 Italic
260 3327 490 3396 debacchentur·
536 3325 684 3395 liudulfus
704 3330 812 3410 regnet
831 3325 865 3390 in
886 3324 1019 3391 Francia.
1063 3325 1198 3392 ludovi-

95 3455 160 3512 ons,
181 3431 264 3496 filius
285 3431 393 3508 Caroli,
425 3429 507 3514 fugit
528 3429 562 3498 iu
580 3428 723 3514 Angliam
733 3455 743 3507 i
763 3426 818 3492 sed
836 3435 943 3513 penten
963 3428 1092 3502 rediens,
1110 3430 1197 3495 resti·

95 3543 181 3600 tutus
202 3534 338 3620 regnavit
358 3532 488 3598 XXVII
509 3531 607 3600 uuum.
651 3531 692 3594 ln
711 3529 807 3594 Dacia
821 3529 912 3596 Orico
927 3530 1040 3615 juniori
1055 3531 1199 3598 successit

97 3638 248 3724 Heligcnr
271 3636 351 3702 etei
379 3633 471 3714 oluff,
503 3634 625 3700 veniens
647 3633 685 3698 de
717 3633 836 3712 Saeuis,
859 3633 889 3697 vi
911 3640 942 3698 et
962 3633 1051 3701 armis
1070 3634 1198 3719 ndeptcs
1333 3651 1336 3657 ·

97 3747 143 3806 est
163 3739 323 3826 imperium
344 3739 422 3803 Post
441 3736 527 3802 Olafi
548 3741 751 3822 regnaverunt
772 3735 908 3820 Chcuop,
932 3735 1028 3812 (iuro,
1052 3736 1197 3821 Sigerich.

97 3844 243 3910 Redullm
285 3865 337 3907 ren
367 3841 517 3926 spernitur
550 3839 588 3905 eb
621 3839 718 3919 Italis,
738 3845 771 3904 et
812 3839 992 3923 subrogetur
1029 3839 1058 3902 ei
1092 3840 1199 3924 Hugo,

98 3969 194 4014 comes
226 3945 454 4012 Arelatensium.
522 3941 672 4011 Henricus
703 3943 837 4007 lanceam
867 3941 968 4006 Sancti
1005 3941 1139 4006 Mauricii
1168 3949 1200 4005 et

99 4051 195 4117 clevos
228 4050 333 4116 Crucis
364 4047 490 4113 extorsit
522 4070 541 4113 n
574 4049 708 4111 Senscne
738 4045 848 4110 comite
881 4043 1076 4130 Burgundice,
1099 4053 1129 4108 et
1166 4066 1201 4108 ec

97 4155 215 4241 reliquit
244 4151 373 4240 posteris
404 4151 465 4216 suis
488 4149 620 4236 insignio
641 4150 672 4215 iu
704 4171 840 4216 munere.
892 4149 978 4214 ldem
1013 4170 1097 4236 reges
1118 4147 1199 4212 Nor·
