3042 5134
319 555 339 615 4
699 557 845 622 Renumu
881 559 985 624 Nmnr

316 728 439 795 Abram.
484 729 534 796 Ab
557 731 653 799 Assur
667 755 736 799 vero
757 735 869 820 egressi
890 741 963 800 sunt
988 733 1112 821 Assyrii,
1137 756 1264 821 quornm
1280 734 1372 820 longe

314 838 418 917 postea
439 833 498 899 fuit
520 857 571 900 rex
600 835 710 916 Ninus,
734 839 821 922 cujus
845 845 979 924 tempore
1002 845 1085 902 ortus
1113 845 1160 902 est
1188 837 1312 916 Abram,
1338 851 1370 902 et

314 933 437 1014 Abram,
460 943 491 1000 et
520 937 653 1004 Nachor.
698 939 819 1010 Quotus
846 963 917 1005 vero
940 941 1032 1005 tuerit
1060 940 1098 1004 ab
1121 941 1227 1019 Assur,
1254 946 1371 1023 etqua

314 1040 515 1124 generatione,
528 1050 558 1104 et
570 1040 679 1125 quibus
693 1042 828 1126 personis
846 1043 1043 1128 interpositis,
1064 1041 1148 1107 nulla
1167 1064 1235 1126 quae
1256 1041 1295 1106 ad
1311 1063 1368 1104 nos

311 1143 479 1228 pervenerit
501 1141 666 1208 declaratur
687 1145 819 1210 historia.
865 1146 913 1210 De
929 1146 1014 1211 Nino
1034 1153 1137 1210 tamen
1158 1144 1276 1222 dicitur,
1296 1144 1367 1228 quia

314 1245 449 1309 condidit
471 1245 611 1312 Nineve.
645 1247 783 1312 Historia
807 1270 877 1312 vero
907 1248 1034 1312 Genesis
1054 1247 1145 1313 habet
1167 1247 1249 1332 quod
1271 1247 1367 1310 Assur

315 1347 450 1412 condidit
470 1347 599 1427 Nineve,
622 1355 653 1412 ct
673 1349 784 1428 Rauen,
805 1350 885 1414 inter
910 1349 1004 1415 Chalc
1032 1357 1064 1414 et
1091 1349 1241 1414 Nineven.
1287 1347 1368 1418 Quia

314 1472 384 1516 vero
400 1452 496 1514 Assur
510 1451 583 1515 exiit
598 1451 635 1516 de
650 1458 728 1516 terra
743 1452 883 1530 Sennaar,
899 1459 929 1515 et
943 1460 1011 1516 tum
1024 1474 1161 1537 persona
1180 1457 1248 1515 tum
1261 1449 1367 1536 populi

317 1575 427 1617 nomen
456 1559 510 1632 est,
536 1554 695 1618 nonsatis
723 1554 818 1638 liquet
844 1560 946 1618 utrmn
973 1577 991 1618 a
1016 1555 1109 1639 stirpe
1131 1553 1252 1618 Oanmn
1273 1560 1304 1617 et
1331 1551 1369 1616 ab

315 1655 430 1740 origine
452 1656 520 1720 Sem
546 1661 635 1720 natus
655 1657 766 1736 fuerit3
792 1657 851 1720 nisi
871 1657 949 1720 torte
971 1679 1077 1720 verum
1101 1656 1141 1720 sit
1169 1656 1252 1740 qnod
1277 1655 1368 1739 stirps

314 1757 485 1823 Nembroth
502 1758 620 1844 ejecerit
635 1758 671 1823 ab
691 1781 726 1823 ca
745 1759 918 1844 progeniem
933 1759 1012 1824 Sem.
1055 1758 1136 1829 Quia
1156 1780 1227 1822 vcro
1249 1764 1369 1821 constat

316 1861 354 1926 de
376 1861 460 1926 Nino
487 1861 567 1946 quod
596 1864 712 1928 venerit
741 1862 779 1926 ab
808 1865 914 1941 Assur,
944 1886 1006 1927 non
1034 1863 1196 1948 impeditur
1224 1862 1366 1939 historia3

316 1964 456 2048 quoniam
475 1965 553 2032 idem
569 1966 666 2030 Assur
680 1967 780 2052 potuit
799 1989 817 2030 a
835 1962 903 2031 Sem
917 1966 1019 2045 inisse,
1040 1976 1071 2031 et
1091 1965 1129 2030 de
1143 1972 1222 2032 terra
1237 1965 1369 2030 Semnum

313 2067 447 2132 exivisse.
528 2139 529 2147 .
557 2067 558 2070 ’

355 2169 546 2256 Assyriorum
560 2177 660 2235 autem
671 2193 797 2255 ragnum
808 2172 940 2236 obtinuit
951 2177 1164 2256 consequenter
1173 2193 1228 2256 per
1235 2177 1370 2254 tempora

313 2275 355 2336 36
375 2295 490 2356 regum,
507 2273 654 2358 usquead
679 2274 936 2359 Sardonapallum,
953 2297 1005 2359 per
1027 2277 1111 2339 1800
1127 2296 1222 2338 annos
1241 2297 1260 2338 a
1282 2273 1369 2338 Nino

312 2375 377 2440 tilio
407 2375 585 2454 Semiramis,
613 2377 665 2460 qni
694 2376 809 2462 primus
838 2375 953 2440 idolum
974 2376 1056 2454 fecit,
1084 2377 1238 2440 occasione
1259 2379 1367 2439 statnae

313 2477 381 2542 Beli
402 2479 493 2562 patris
516 2483 572 2554 sui,
597 2500 687 2562 quam
707 2478 821 2543 adorari
842 2478 1010 2542 constitnit.
1057 2479 1158 2564 Hujus
1178 2479 1271 2563 igitur
1291 2475 1370 2541 Nini

311 2583 374 2645 430
388 2602 467 2646 anno
481 2587 571 2644 natus
590 2586 636 2643 est
650 2579 803 2644 Abraham
816 2580 1003 2664 patriarcha:
1026 2603 1044 2644 a
1058 2603 1119 2664 quo
1133 2581 1208 2645 ritus
1220 2586 1250 2644 et
1264 2579 1370 2662 religio

315 2682 550 2746 circumcisionis
591 2683 720 2767 sumpsit
757 2683 922 2747 exordium.
979 2685 1044 2748 Iste
1084 2706 1177 2768 quum
1213 2689 1292 2746 esset
1329 2686 1371 2748 75

313 2807 469 2864 annorum,
497 2807 515 2850 a
541 2784 688 2849 Ohaldaeis
718 2785 772 2868 qui
801 2784 932 2850 colerent
960 2786 1063 2871 ignem
1092 2794 1123 2850 et
1151 2785 1223 2851 alias
1256 2785 1373 2870 effigies

311 2887 455 2965 Deorum,
472 2887 599 2972 migrare
621 2893 741 2951 coactus
765 2887 857 2952 estin
878 2894 986 2952 terram
1009 2890 1138 2967 Oanaan,
1155 2889 1257 2956 relicta
1279 2895 1370 2971 gente

258 3051 263 3064 ,
312 2996 343 3054 et
357 2990 452 3075 patria
465 3005 587 3075 propter
602 2990 813 3074 professionem
831 2990 932 3054 cultus
952 2992 1042 3055 unius
1056 2991 1125 3068 Dei,
1142 2991 1193 3075 qui
1216 2996 1375 3054 evacuaret

312 3113 430 3156 omnem
439 3091 550 3171 alium,
574 3113 669 3175 quum
685 3092 766 3157 solus
775 3100 893 3156 etunus
907 3098 1024 3156 tantum
1035 3092 1121 3157 Deus
1133 3092 1301 3157 adorandus
1312 3099 1370 3156 est.

312 3193 415 3278 Hujus
440 3193 512 3258 fidei
538 3195 644 3258 merito
669 3195 785 3280 accepit
807 3194 934 3278 gratiam
955 3217 992 3258 en
1014 3195 1210 3278 promissione
1233 3193 1315 3279 quod
1335 3193 1369 3258 in

312 3302 434 3380 gentem
453 3317 592 3380 magnam
612 3295 731 3361 futurus
754 3303 817 3360 erat
827 3323 836 3376 ς
860 3309 891 3360 et
911 3296 991 3380 qnod
1011 3297 1045 3361 in
1067 3297 1179 3361 semine
1196 3297 1261 3381 ejus
1280 3295 1371 3360 bene-

315 3399 482 3463 dicerentur
491 3421 593 3464 omnes
603 3405 717 3483 gentes.
754 3399 903 3483 Denique,
914 3401 1028 3484 accepit
1038 3399 1211 3464 mandatum
1221 3404 1370 3483 qnatenus

312 3503 379 3586 ipse
409 3522 478 3564 cum
504 3502 585 3564 omni
614 3501 790 3584 posteritate
820 3523 875 3565 sna
900 3501 1179 3580 circumcideretur;
1209 3523 1271 3564 non
1301 3499 1372 3584 quia

313 3601 427 3687 aliquid
449 3601 638 3687 superfluum
658 3609 735 3666 esset
756 3603 791 3666 iu
812 3602 942 3681 homine,
958 3603 1040 3686 quod
1060 3603 1145 3667 Deus
1166 3603 1295 3679 iecisset,
1314 3601 1368 3664 sed

314 3713 350 3769 ut
375 3705 455 3768 inter
469 3704 541 3769 alies
563 3710 668 3788 gentes
691 3727 726 3771 eo
752 3705 840 3789 signo
865 3727 1006 3790 corporeo
1028 3705 1278 3770 internosceretur
1301 3704 1369 3788 ejus

316 3809 485 3894 posteritas.

360 3911 462 3982 Quum
477 3909 571 3994 igitur
585 3909 683 3974 senior
705 3915 793 3988 esset,
809 3909 914 3995 genuit
935 3907 1029 3988 Isaac,
1045 3917 1076 3974 et
1099 3931 1167 3974 eum
1188 3916 1295 3974 octavo
1315 3907 1365 3973 dic

315 4013 510 4079 circumcidit.
555 4012 618 4083 Qui
646 4019 746 4078 tamen
774 4020 845 4098 post
874 4005 1016 4099 Hymael,
1040 4013 1137 4079 filium
1167 4013 1259 4097 Agar,
1288 4011 1371 4076 unde

313 4116 425 4202 prodiit
439 4115 523 4198 origo
540 4115 779 4194 sarracenorum,
794 4115 1028 4180 circumciderat.
1073 4115 1204 4180 Domum
1227 4137 1296 4178 vero
1310 4113 1371 4178 Dei

313 4218 463 4297 mandato,
475 4240 568 4302 quum
579 4217 670 4282 vellet
684 4218 814 4282 eundem
827 4219 913 4283 Isaac
927 4219 960 4281 in
974 4224 1076 4282 monto
1092 4217 1192 4281 Moria
1206 4216 1369 4294 immolare,

313 4327 432 4386 ostenso
454 4319 512 4385 sibi
533 4320 635 4400 ariete,
659 4321 788 4386 mutavit
817 4321 1015 4400 sacrificium,
1047 4320 1128 4387 unde
1152 4320 1238 4386 Isaac
1267 4326 1372 4406 postea
