3042 5134
520 464 713 531 Carorroorr
737 463 766 529 Ι.
1146 468 1188 529 63

89 630 165 710 abiit,
190 636 222 699 et
250 632 419 719 baptizatus
442 640 474 701 et
505 640 651 714 mortuus
674 640 707 700 ct
727 632 865 721 sepultus
886 630 921 699 iu
941 633 1064 700 basilica
1085 635 1189 700 &uoti

90 737 174 815 Petri,
203 760 223 801 a
251 737 354 822 Sergio
382 758 470 823 papa,
500 738 553 821 qui
580 736 615 801 iu
644 736 770 803 sacrario
794 736 874 802 beati
896 737 978 803 Petri
1000 760 1035 802 eo
1057 744 1189 823 tempore

89 839 195 905 invenit
223 839 341 924 lignum
362 840 469 906 cruca.
514 840 606 905 Unde
623 840 752 905 Ilrsrurr
782 840 1018 905 Exarmaroms
1041 846 1189 905 statutum

88 950 137 1006 est.
180 943 331 1009 Successit
351 943 518 1022 lohannes,
541 950 612 1029 post
627 965 716 1028 quem
737 942 817 1007 sedit
838 942 913 1009 alter
927 942 1095 1022 lohannes,
1110 948 1142 1007 et
1163 943 1191 1009 ei

89 1045 240 1125 sisinnius,
283 1053 314 1109 et
356 1046 384 1111 ei
427 1046 653 1111 Constantinus.
697 1044 845 1109 Leontius
880 1044 984 1130 igitur,
1014 1044 1115 1111 Doce
1152 1045 1191 1110 ab

89 1148 292 1213 incarnatione
315 1170 395 1213 anno
417 1156 526 1213 nactus
545 1147 713 1233 imperium,
736 1147 894 1233 imperavit
915 1148 963 1211 IV
986 1148 1083 1213 annis.
1127 1148 1193 1213 Iste

89 1251 164 1315 misit
176 1252 345 1318 iohannem
363 1252 521 1336 patricium
541 1272 612 1317 cnm
625 1251 734 1333 stolo‡
756 1249 796 1315 ad
818 1250 1049 1335 expugnandum
1064 1250 1190 1316 Arabes.

93 1352 158 1423 Quo
181 1354 327 1419 redeunte
354 1376 411 1440 pro
441 1353 579 1418 habendo
622 1353 727 1439 majori
771 1352 859 1431 stolo,
894 1352 1012 1417 interim
1044 1353 1193 1417 exercitus

92 1453 311 1521 Absimmarum
344 1456 455 1521 crearit
475 1456 693 1541 imperatorem,
716 1454 770 1539 qui
792 1455 892 1519 atatim
917 1455 1042 1519 Romam
1064 1454 1191 1534 rediens,

89 1556 246 1624 Montium
267 1558 356 1623 exilio
380 1558 549 1638 dammrit3
572 1564 604 1623 et
624 1559 762 1643 regnavit
784 1558 862 1623 circa
889 1556 950 1623 v11
972 1580 1076 1637 annos,
1093 1558 1188 1623 donec

89 1658 277 1725 Justinianus
306 1661 386 1740 exul,
415 1661 576 1746 resumptis
597 1660 711 1725 viribus
733 1660 771 1725 de
793 1659 942 1746 adjutorio
962 1660 1090 1745 (laganae
1111 1662 1191 1747 regis

90 1761 253 1827 linteorum
280 1770 312 1828 et
328 1762 473 1831 Terebelli
496 1764 577 1848 regis
598 1763 807 1848 Bulgarorum‚
831 1765 884 1849 qui
905 1786 974 1829 enm
995 1765 1120 1851 imperio
1135 1786 1192 1830 suo

91 1867 289 1946 restituerent,
319 1867 478 1952 imperarit
499 1890 553 1931 sex
573 1868 670 1932 annm.
716 1866 866 1932 Gallicum
880 1866 975 1953 igitur
995 1868 1191 1953 patriercham

91 1970 181 2035 oculis
194 1970 334 2056 privavit,
349 1978 381 2036 et
393 1970 601 2037 Absimarrum
621 1982 653 2035 ct
674 1992 778 2035 omnes
799 1970 930 2036 fautores
949 1972 1013 2057 ejus
1028 1972 1189 2037 interfecit.

87 2070 181 2137 Sedet
194 2074 289 2137 misso
301 2073 379 2139 stolo
393 2073 568 2151 Obersones,
583 2072 664 2158 apud
678 2095 753 2158 quos
769 2074 950 2151 exularerat,
966 2096 1069 2139 omnes
1082 2080 1190 2160 praeter

88 2196 193 2259 pueros
222 2176 321 2241 occidi
349 2177 432 2243 fecit.
477 2175 542 2247 Qui
561 2198 656 2261 quum
677 2176 843 2241 iterumad
864 2177 1062 2241 occidendum
1083 2198 1192 2263 pueros

85 2278 190 2345 stolum
201 2281 344 2358 mitteret,
356 2278 502 2345 submersi
515 2285 598 2359 sunt,
612 2278 759 2344 LXVIII
770 2278 863 2343 millia
874 2279 1038 2343 bominum.
1084 2277 1189 2349 Quum

87 2381 176 2465 igitur
214 2384 331 2462 furens,
359 2382 450 2447 tertio
478 2383 597 2455 mittere
626 2381 726 2462 vellet,
757 2380 893 2447 homines
922 2380 1003 2445 illius
1031 2381 1191 2466 provinciae

88 2483 271 2571 Philippum,
287 2472 434 2571 quiapnd
448 2508 500 2550 eos
514 2484 662 2564 exulabat,
679 2490 853 2549 creaverunt
873 2483 1092 2569 imperatorem.
1130 2482 1193 2554 Qui

87 2587 205 2652 veniens
235 2588 539 2673 Constantinopolim,
568 2587 679 2653 oceidit
707 2586 927 2665 lastinianum,
951 2592 982 2651 et
1004 2586 1103 2651 filium
1125 2587 1190 2674 ejus

89 2690 260 2770 Tiberium
282 2701 314 2755 et
334 2690 489 2775 imperavit
511 2713 589 2756 auno
611 2698 643 2755 et
663 2689 797 2769 dimidio,
820 2712 900 2755 anno
922 2690 960 2756 ab
982 2690 1193 2756 Incamatione

92 2790 208 2857 Domini
252 2792 443 2857 DOCXXII.
494 2793 559 2858 Iste
601 2813 695 2877 quum
737 2799 816 2857 esset
859 2792 1028 2873 haereticus,
1084 2793 1189 2859 Βοωω

85 2893 283 2961 Constantino
297 2917 373 2981 papa
387 2892 522 2960 baeresim
537 2896 802 2961 suamtransmisit.
846 2895 937 2960 Unde
948 2896 1073 2962 consilio
1087 2896 1190 2981 populi

77 3000 198 3082 sprevit
244 2998 343 3062 literas
380 2999 445 3083 ejus
482 2998 720 3079 Constantinus,
750 3003 782 3063 et
811 2998 965 3063 interdixit
989 3000 1053 3085 ejus
1081 3002 1193 3063 nornen

91 3107 235 3185 tanquam
249 3100 408 3185 iudignum
424 3100 534 3165 chartis
547 3100 682 3179 inscribi,
695 3101 758 3165 sive
772 3107 900 3166 monetae
914 3102 1056 3186 imprimi.
1102 3100 1194 3165 Unde

89 3203 277 3282 Anastasius,
292 3203 450 3287 insurgens
465 3202 496 3267 iu
511 3225 590 3282 eum,
605 3203 732 3288 privavit
746 3225 816 3267 eum
831 3202 934 3282 oculis,
958 3210 989 3267 et
1010 3203 1046 3267 ab
1068 3202 1192 3287 imperio

90 3305 250 3391 deposuit,
265 3311 296 3369 et
307 3305 335 3370 ei
345 3306 497 3371 successit.
541 3306 705 3392 Imperavit
715 3305 812 3370 tribus
825 3305 911 3371 annis
923 3312 953 3371 et
964 3306 1013 3369 VI
1027 3304 1189 3385 mensibus,

90 3413 120 3471 at
147 3408 323 3474 catholicus
350 3408 427 3486 fuit3
454 3414 486 3473 et
516 3407 609 3473 fidem
636 3430 721 3473 suam
743 3408 863 3493 scripsit
883 3408 1091 3473 Constantino.
1135 3408 1193 3473 Oui

91 3512 237 3577 successit
249 3512 412 3596 Gregorius
427 3510 593 3575 Secundus.

132 3602 193 3678 'His
208 3608 398 3698 temporibus
413 3612 604 3678 Obildeberto
618 3611 809 3698 Dagobertus
821 3610 924 3698 junior
938 3614 1090 3693 successit,
1108 3615 1194 3700 cujus

90 3716 197 3780 domus
216 3720 391 3800 procurator
412 3715 471 3779 ruit
491 3715 627 3799 Pipinus,
650 3714 814 3799 Ansegisili
835 3714 927 3780 filius.
971 3716 1041 3787 Quo
1063 3723 1192 3794 mortno,

91 3930 240 3978 mccessor,
252 3913 288 3966 he
299 3914 322 3967 is
334 3913 390 3966 said
405 3922 434 3967 to
445 3914 515 3967 have
525 3914 675 3979 abdicatcd‚
690 3916 745 3968 aud
756 3915 845 3968 ended
856 3914 898 3971 his
911 3915 979 3985 days
988 3924 1016 3969 at
1027 3915 1122 3968 Rome.

125 4022 140 4080 t
161 4018 226 4070 Curr
241 4017 337 4087 srono]
364 4017 443 4072 From
461 4018 508 4073 the
527 4017 616 4072 Greek
625 4004 745 4089 στολᾷ»,
756 4017 820 4072 nith
835 4017 924 4072 adeat
940 4018 971 4071 ol
981 4018 1063 4089 ships.
1082 4018 1130 4071 See
1150 4016 1195 4070 Du

89 4104 182 4175 Gange
195 4104 225 4157 iu
238 4121 312 4157 voce.
