3042 5134
523 520 713 590 Orraonrror'
743 517 772 592 1.
971 514 978 526 ’
1141 517 1186 580 ⁴⁰

87 713 175 774 uum,
190 713 252 780 pro.
267 699 354 760 terrae
373 698 469 774 motu,
492 699 523 761 et
544 717 598 781 pro
612 694 701 782 lupis,
714 701 745 762 ot
759 715 815 781 pro
835 692 902 760 aliis
909 691 1091 780 pestilentiis
1111 691 1188 758 ella·

88 797 210 883 gaudis.
867 858 868 861 ,
978 837 981 843 ›
1006 864 1009 870 ,
1103 871 1107 877 .

132 897 465 964 Thmdosiotderuncro
476 899 591 986 imperii
599 900 647 964 sui
657 921 735 966 anno
744 898 950 978 XLII,laotus
961 904 1007 962 est
1019 896 1189 965 Marcianas

88 1006 259 1088 imperator,
275 1023 353 1066 anno
370 1000 585 1068 incarnationis
608 1003 774 1069 Dominicae
787 1002 1011 1080 OOOOXLIII,
1029 1007 1060 1066 et
1079 1001 1187 1086 imper·

89 1104 151 1168 avit
176 1125 249 1169 curn
272 1103 485 1168 Valentiniano
511 1104 560 1168 VI
582 1105 698 1169 annis..
725 1107 852 1170 Horum·
872 1106 1084 1191 imperatorum
1112 1111 1188 1170 tem·

84 1227 160 1290 pore
182 1204 331 1270 celebrata
344 1211 389 1270 est
410 1211 516 1290 quarta
537 1205 674 1290 synodus
690 1205 878 1271 Chalcedone
898 1207 955 1272 sub
976 1202 1078 1270 Leone
1099 1227 1185 1290 papa,

87 1306 240 1392 DOXXX
251 1315 384 1393 patrum.
441 1306 481 1372 In
495 1329 555 1392 qua
563 1305 595 1372 N
596 1308 748 1386 estoriusil
764 1315 794 1372 et
809 1308 978 1394 Eutychesll
995 1306 1187 1382 condemnati

86 1409 218 1474 luerunt
270 1409 364 1474 Erant
380 1409 468 1474 etiam
482 1409 541 1474 illis
555 1407 659 1474 diebus
674 1411 707 1474 in
721 1408 898 1494 Burgundia
916 1407 1094 1472 Tetrarchire
1107 1408 1193 1472 intcr„

87 1519 218 1594 quatuor
237 1510 352 1590 iratres,
375 1509 613 1589 Gonrlebaldum,
636 1519 666 1575 et
689 1509 912 1596 Gondegilinm,
926 1517 958 1574 et
976 1509 1189 1595 childericum,

86 1620 117 1678 et
130 1600 335 1678 Godmarnm.
370 1612 548 1691 childerico,
563 1612 741 1696 Francorum
753 1606 831 1698 regi,
842 1613 985 1678 successit
998 1611 1185 1676 Clodovaeus.

129 1712 250 1778 Interea
271 1713 499 1778 Valentinianus
520 1713 630 1778 occidit
645 1715 798 1800 Agellum,
818 1716 939 1780 etserri
958 1713 1061 1798 agerii
1081 1711 1188 1777 deinde

87 1814 340 1880 Valentinianum.
387 1815 445 1880 Oui
470 1816 611 1880 successit
631 1815 804 1896 Maximus3
819 1824 849 1882 et
863 1818 891 1896 ci
905 1817 1007 1881 statim
1031 1815 1187 1879 interfecto

88 1917 208 1998 Avitus,
225 1941 243 1982 a
258 1917 400 1984 Romanis
414 1925 539 1984 creatus.
584 1918 737 1985 Marciano
756 1919 876 1984 demum
895 1926 965 2005 post
984 1917 1032 1982 VI
1046 1940 1142 1982 annos
1155 1923 1187 1980 et

89 2019 137 2084 VI
153 2043 267 2084 menses
282 2029 410 2099 mortuo,
427 2020 605 2106 subrogatus
618 2027 663 2086 est
676 2021 741 2086 Leo
755 2021 898 2106 Magnus,
912 2043 992 2086 anno
1007 2017 1044 2084 ab
1058 2019 1183 2084 lucarn-

87 2121 185 2188 atione
197 2121 320 2194 Domini
333 2123 361 2186 D
373 2129 403 2188 et
413 2123 450 2201 L,
466 2127 496 2186 et
512 2123 666 2206 imperavit
677 2122 755 2187 XVI
770 2124 865 2189 aunis.
910 2125 1018 2188 Avitus
1031 2120 1185 2206 depositus

90 2223 142 2300 ab,
168 2225 303 2310 irnperio,
333 2225 430 2290 lactus
458 2231 504 2288 est
530 2225 687 2312 episcopus
717 2224 969 2290 Placentinorum.
1026 2224 1089 2288 Leo
1117 2245 1186 2288 vero

93 2327 272 2394 Arthcmum
289 2328 359 2392 lecit
372 2327 529 2407 caesarem,
541 2328 594 2394 cui
608 2328 750 2392 successit
764 2326 923 2407 Oliberius,
945 2339 976 2391 et
990 2327 1018 2392 ei
1031 2327 1186 2406 Lucerias,

89 2435 119 2492 et
133 2429 160 2495 ei
175 2430 291 2516 Nepos,
303 2431 354 2516 qui
366 2451 433 2495 enm
443 2430 513 2495 fecit
528 2431 711 2516 episcopam.
754 2429 858 2515 Nepos
873 2431 1010 2496 Orestem
1020 2431 1101 2494 misit
1111 2453 1181 2494 con·

87 2536 132 2598 tra
153 2533 373 2612 Theodericum
394 2539 557 2598 vastantem
578 2555 624 2598 res
648 2533 860 2598 Rornanorum.
905 2532 968 2604 Qui
998 2554 1092 2619 quum
1112 2531 1183 2597 inde

89 2643 293 2716 reverteretur,
318 2636 533 2722 Augustulum,
544 2637 645 2727 filium·
666 2636 807 2723 Nepotis,
830 2636 1037 2721 imperatorem
1061 2635 1180 2699 creavit.

87 2739 147 2811 Qui
169 2741 312 2805 Orestem.
328 2738 484 2804 interiecit.
529 2738 568 2803 In
589 2737 647 2804 isto
669 2738 841 2824 Augustulo
860 2741 1066 2824 Augustorum
1093 2735 1180 2820 privi-

86 2839 198 2927 legium
213 2841 328 2920 deiecit,
344 2840 544 2908 crescentibus
558 2840 677 2928 regibus
692 2841 882 2907 Francorum.
936 2841 1056 2926 Quippe
1074 2839 1182 2918 clodo·

85 2965 163 3008 vaeus
174 2944 290 3030 accepit
298 2943 827 3026 uxoremcrotillidemchristianam3
839 2941 1014 3029 quiabeato
1023 2942 1181 3028 Remigiot

119 3217 135 3248 ⁹
150 3213 320 3284 huorono]
355 3213 382 3266 It
392 3221 464 3266 must
475 3211 509 3266 be
521 3213 603 3266 borne
615 3211 646 3266 in‘
658 3213 742 3278 mind,
760 3214 818 3268 that
835 3222 863 3269 to
879 3213 931 3268 this
946 3214 1113 3270 Theodosius
1135 3217 1182 3270 the

90 3299 197 3358 Britons
209 3301 285 3356 owed
296 3317 313 3354 a
323 3300 410 3372 heavy
428 3299 492 3353 debt
505 3301 537 3352 of
545 3299 686 3370 gratitudo,
702 3301 743 3354 lor
756 3301 778 3354 it
793 3318 847 3354 was
861 3301 897 3354 he
914 3301 973 3355 that
988 3302 1099 3355 rescued
1114 3302 1183 3358 their

86 3385 231 3458 oppressed
243 3385 296 3440 and
309 3394 438 3456 prostrate
451 3385 590 3456 provinces
603 3386 672 3440 frona
685 3387 729 3440 tlra
740 3404 821 3458 grasp
832 3388 863 3440 οἰ
870 3388 916 3441 the
933 3388 1091 3458 marandiug
1110 3389 1182 3444 Picta

86 3473 139 3524 sod
149 3473 234 3526 Scots.
249 3471 437 3526 “Theodosius
447 3489 518 3536 vero,
532 3471 588 3525 dux
599 3472 715 3524 nominis
727 3473 829 3543 inclyti,
839 3473 921 3546 animi
931 3473 1020 3543 vigore
1030 3474 1139 3532 collecto
1148 3477 1183 3543 ab
1208 3522 1211 3529 .

88 3560 219 3630 Augusta,
232 3576 312 3628 quam
323 3568 426 3612 veteres
438 3557 606 3629 appellavero
619 3557 789 3626 Londinium,
804 3577 865 3612 cum
877 3560 961 3614 milite
974 3560 1103 3614 industria
1109 3582 1183 3617 com·

87 3654 178 3714 parato
202 3645 299 3708 solerti,
321 3644 402 3698 versia
419 3644 583 3715 turbatisque
601 3645 788 3699 Britannorum
806 3646 917 3700 fortunia
938 3665 1016 3718 opem
1038 3651 1182 3703 maximam

89 3733 176 3787 rulic'·
196 3734 357 3797 hunuanus,
372 3733 400 3784 b.
413 3731 506 3797 xxviii,
520 3747 544 3785 c.
559 3735 585 3784 3.

124 3819 145 3881 V
162 3819 333 3890 Nestorius]
347 3817 405 3872 The
415 3817 516 3872 heretis
538 3817 635 3890 bishop
646 3817 677 3872 ol
685 3817 914 3890 Constantinople.

127 3911 138 3970 l
158 3906 319 3976 Euarcuasj
342 3905 365 3957 A
390 3904 667 3976 constantinopolitan
690 3905 779 3970 abbat,
803 3905 870 3970 who,
895 3904 1057 3976 contending
1079 3907 1184 3976 against
1197 3898 1206 3912 ”

90 3989 235 4056 Nestorius,
260 3991 308 4046 fell
321 3991 378 4045 into
391 4008 407 4043 a
422 4007 481 4046 nen
495 3989 599 4062 hereay,
616 3989 752 4061 affirming
767 3991 857 4045 christ
873 4001 901 4045 to
920 3993 955 4045 be
973 3991 1098 4045 different
1115 3992 1184 4047 from

90 4074 145 4228 Th:
157 4077 283 4219 liffiw
307 4162 432 4218 Rauroro
456 4164 636 4235 urrrrarua]
658 4163 747 4218 Gloria
767 4180 820 4218 naa
839 4162 964 4236 baptired
982 4172 1010 4219 at
1027 4135 1193 4219 Rheimaon³

629 4235 647 4300 t
