3042 5134
305 451 371 525 ,176
787 441 935 514 nanum
957 445 1063 516 Nmm

309 622 346 688 ud
358 619 598 686 lincolniensem.
642 619 780 690 Quorum
791 624 891 684 tamen
903 618 1083 682 consecratio
1099 617 1192 682 dilala
1203 623 1354 708 atrisque
1370 618 1409 684 sd

306 745 417 788 aunum
432 730 617 806 sequentem,
633 721 747 786 minore
763 741 833 804 rega
847 720 1027 784 reclamante
1042 726 1072 782 et
1086 718 1240 784 inhibente
1255 741 1294 784 ne
1303 720 1411 806 aliquis

305 825 370 889 siue
383 845 438 887 suo
453 845 599 888 consensu
614 829 843 886 consecraretur.
1134 881 1137 886 ,

351 924 627 990 MoOLXXlIIlo.
658 924 854 988 Flandranses
883 923 1025 988 acomite
1055 922 1186 1008 Hugone
1213 923 1347 986 accersiti
1377 920 1411 984 in

309 1026 453 1110 Angliam
464 1027 572 1090 iterum
592 1025 785 1089 advenerunt.
831 1024 893 1094 Qui
913 1025 1042 1088 maxima
1064 1023 1257 1088 multitudiue
1280 1025 1412 1108 stipatus

284 1114 471 1192 ¹uuiversum
500 1128 577 1191 circa
615 1149 646 1190 se
675 1126 855 1210 provinciam
879 1125 1086 1209 depopulabat.
1132 1123 1192 1189 Sed
1222 1132 1253 1188 et
1276 1125 1409 1190 nobilem

307 1229 459 1296 civitatem
480 1229 611 1292 Nornic.
635 1227 729 1311 primo
743 1227 858 1311 impetu
880 1227 1071 1311 expugnavit,
1094 1226 1270 1309 quibusdam
1294 1226 1411 1290 civibus

305 1330 418 1409 occisis
433 1352 468 1394 eo
481 1328 734 1414 opulentissimam
749 1328 819 1392 iude
833 1327 964 1412 predam
988 1328 1114 1392 reduxit.
1158 1327 1284 1392 iuterim
1311 1349 1411 1392 eomes

306 1431 406 1495 David
419 1432 512 1496 fater
524 1431 616 1514 Regis
638 1430 757 1505 Scotino,
780 1429 934 1494 castellnm
957 1429 994 1492 de
1019 1427 1241 1512 Huntiugdune
1263 1427 1412 1494 militibus

305 1540 339 1596 et
346 1533 554 1598 alimentorum
570 1531 710 1596 subsidiis
724 1531 910 1596 sufficienter
924 1531 1063 1594 munivit.
1110 1531 1186 1594 Inde
1200 1530 1413 1594 Leircestriam

304 1636 427 1699 veniens
441 1634 590 1699 associatis
605 1630 663 1696 sibi
678 1632 840 1717 ¹oppidanis
857 1640 948 1719 totam
965 1632 1145 1717 provinciam
1169 1633 1248 1696 latro
1263 1631 1410 1696 flammis·

306 1757 367 1818 que
385 1733 518 1799 turbavit
540 1735 653 1818 praedas
675 1743 705 1798 et
727 1733 907 1817 direptiones
930 1732 1053 1816 agendo.
1101 1732 1283 1797 Willielmus
1309 1743 1413 1797 autem

306 1837 398 1901 irater
414 1837 489 1920 ejus,
506 1858 557 1899 rex
573 1836 691 1911 Scotino,
707 1837 770 1898 luec
785 1834 886 1898 eadem
908 1835 939 1898 in
962 1833 1198 1900 Northimbriam
1221 1856 1289 1898 eum
1313 1835 1412 1900 valido

307 1937 439 2000 exercitu
453 1936 604 2002 actitabat

352 2037 522 2104 Quonooo
537 2039 607 2102 Rax
623 2039 793 2104 Henmcus
815 2041 982 2104 Suconons
1007 2061 1097 2104 anim
1121 2054 1248 2104 sareon
1263 2040 1413 2108 Tauream

519 2161 558 2204 ae
568 2161 723 2210 unoreono
740 2163 782 2205 na
798 2161 949 2206 aosmsus
964 2162 1191 2207 namucensem.

353 2241 417 2306 Rex
448 2241 598 2306 Henricus
618 2242 655 2307 II
676 2242 800 2307 audiens
825 2250 918 2308 totam
940 2242 1082 2326 Angliam
1104 2243 1147 2306 ito
1169 2243 1320 2308 turbatam
1342 2267 1412 2308 cum

310 2344 442 2408 exercitu
457 2365 568 2428 magno
584 2343 622 2408 de
635 2344 827 2408 Normanuia
842 2344 1043 2408 transfretavit
1057 2345 1089 2408 in
1105 2345 1247 2428 Angliam
1266 2346 1333 2410 VII
1345 2347 1415 2410 idus

313 2445 400 2510 Julii.
447 2447 618 2530 Statimque
632 2447 821 2510 Cantneriam
839 2445 939 2510 adiens
955 2454 986 2510 et
996 2447 1111 2531 optime
1120 2468 1337 2532 recognosoens
1351 2449 1415 2512 haeo

309 2547 413 2613 omnia
436 2549 515 2612 mala
536 2548 676 2612 accidisse
697 2571 751 2632 pro
774 2548 902 2632 peccatis
923 2571 989 2631 quae
1010 2549 1200 2612 commiserat
1221 2550 1253 2612 in
1270 2557 1410 2614 sanctum

308 2649 444 2720 Domini.
460 2657 529 2713 ente
543 2649 734 2734 sepulchrum
758 2647 836 2712 beati
862 2648 992 2712 Thomae
1007 2669 1039 2712 se
1062 2649 1216 2714 humiliter
1237 2672 1308 2714 cum
1324 2650 1411 2716 lacri-

309 2751 368 2813 mis
385 2751 549 2834 prostravit,
572 2751 689 2814 veniam
705 2749 742 2813 de
764 2751 879 2835 injuriis
903 2774 921 2814 a
943 2773 974 2813 se
1003 2751 1124 2834 suisque
1153 2763 1255 2815 sanicto
1285 2755 1410 2838 martyri

309 2851 400 2916 illatis
415 2851 521 2915 devote
548 2853 644 2933 petiit,
675 2852 795 2915 donaria
825 2852 943 2928 obtulit,
966 2861 996 2916 et
1020 2854 1132 2937 majore
1149 2855 1287 2938 promisit
1298 2882 1307 2932 3
1332 2853 1414 2917 unde

310 2953 485 3016 miraculose
500 2954 625 3037 contigit
638 2963 675 3017 nt
690 2956 792 3018 eadem
810 2955 857 3018 die
872 2962 1026 3038 caperetur
1046 2953 1224 3018 Willielmus
1237 2977 1287 3020 rex
1305 2956 1413 3019 Seotiae

311 3054 390 3138 apud
407 3053 535 3140 Appelbi
551 3079 568 3118 a
583 3055 731 3119 militibus
746 3055 859 3139 praefati
876 3057 963 3139 regis.
1010 3056 1126 3120 Audito
1142 3062 1242 3120 autem
1266 3059 1345 3140 regis
1360 3057 1413 3120 ad-

311 3163 404 3220 ventu
432 3177 537 3220 omnes
566 3157 723 3220 adversarii
749 3159 813 3241 ejus
842 3157 947 3233 territi,
976 3179 1070 3220 cornu
1100 3157 1412 3242 superbiae'deposito,

312 3280 416 3341 pacem
440 3259 591 3342 postulant
612 3267 642 3321 et
663 3259 836 3341 impetrant,
860 3259 940 3342 prius
960 3267 1060 3322 tnrnen
1084 3260 1215 3342 praestito
1227 3260 1412 3343 juramento,

314 3359 390 3422 datis
406 3369 437 3423 et
452 3360 615 3437 obsidibus,
631 3369 661 3424 et
678 3361 792 3424 traditis
805 3361 865 3424 suis
877 3361 1013 3424 castellis.
1060 3363 1165 3445 Regno
1176 3362 1269 3445 igitur
1280 3361 1318 3425 ad
1332 3363 1414 3446 pacis

312 3465 427 3523 statum
449 3461 481 3523 in
505 3461 583 3524 brevi
607 3470 753 3537 reuocato,
776 3463 884 3526 iterum
906 3463 1124 3527 Noemonniam
1146 3464 1242 3547 petiit,
1265 3463 1347 3527 iilius
1374 3465 1414 3527 si-

314 3560 435 3644 quidem
462 3562 526 3643 ejm
547 3584 598 3625 rex
620 3563 770 3627 Heumcus
791 3565 920 3640 Tertius,
943 3587 994 3627 rex
1016 3565 1148 3628 Franciae
1170 3565 1356 3644 Lodonious‚
1382 3575 1415 3630 et

313 3683 418 3725 eomes
432 3661 578 3726 Fluodriae
594 3663 825 3749 Rotbomagum
847 3666 1001 3730 obsidione
1024 3668 1185 3730 cinxerunt.
1232 3667 1291 3730 Sed
1302 3710 1305 3715 -
1316 3690 1412 3751 quum

314 3763 392 3847 regis
407 3763 597 3849 inopinatum
620 3764 780 3830 adventum
799 3768 1021 3852 comperissent,
1046 3775 1076 3830 et
1099 3775 1221 3832 conatus
1244 3791 1314 3832 snm
1336 3769 1416 3833 irns-

311 3865 383 3929 trari
412 3866 625 3950 conspicerent,
656 3867 753 3931 soluta
781 3869 935 3934 obsidione
959 3877 1158 3933 recesserunt:
1197 3872 1328 3935 exercitu
1358 3895 1415 3936 suo

314 3966 394 4030 fune
410 3975 440 4029 et
450 3966 553 4033 ¹inedia
567 3989 642 4052 pene
653 3967 817 4033 deficiente.
864 3971 1033 4035 Reformata
1062 3979 1107 4035 cst
1120 3971 1317 4055 postmodum
1343 3996 1416 4038 eon·

318 4067 420 4131 cordia
440 4068 516 4131 iuter
539 4077 652 4153 patrem
674 4070 843 4135 etlilium:
873 4072 924 4136 sed
947 4081 977 4137 et
996 4072 1044 4139 alii
1066 4073 1120 4137 lilii
1142 4075 1220 4158 regis
1243 4075 1293 4158 qni
1317 4075 1417 4138 lustris
