3042 5134
529 476 698 542 Gnorrrcorr
715 475 760 539 II.
1120 479 1180 543 lat

73 645 247 730 imperavit.
291 644 403 709 Valens
417 644 454 710 ab
469 645 621 708 Auxentio
639 644 766 708 Arriano
777 642 990 710 Mediolanensi
1008 645 1178 731 Arobiepis-

76 772 156 833 copo
171 748 351 833 baptizatus,
367 747 552 812 Christianos
567 747 761 832 persequitur.
779 747 940 812 Gratianus
951 748 1088 812 Valentis
1098 749 1182 813 lilius

79 851 242 916 Ambiauis
271 851 309 914 iit
338 851 516 936 imperator:
547 849 625 934 apud
648 848 776 914 Atrabas
798 850 865 913 lana
887 849 996 935 pluviae
1025 851 1117 915 mixta
1149 851 1186 915 de

78 953 156 1018 ooelo
172 953 272 1017 fluxit.
331 954 459 1017 Sanetus
480 952 623 1037 Hylarius
637 950 721 1016 obiit.
778 950 939 1016 Ambrosio
953 953 1032 1018 lecto
1047 953 1185 1038 episcopo

80 1055 175 1120 Italia
188 1049 225 1118 ad
240 1054 333 1120 iidem
348 1055 539 1119 convertitur.
584 1055 629 1118 Eo
644 1054 705 1118 iere
719 1063 852 1138 tempore
869 1076 928 1137 quo
944 1054 1030 1120 beato
1053 1056 1185 1120 Martiuo

83 1158 292 1222 Thuronensis
321 1158 510 1241 episcopatus
539 1157 627 1220 datus
651 1164 705 1234 est,
735 1156 808 1220 adiit
842 1155 1069 1222 Valentinianus
1097 1159 1183 1241 cujus

87 1260 189 1327 Salam
211 1260 291 1343 ignis
305 1260 435 1343 operuit,
454 1258 524 1343 qnia
538 1259 600 1322 viro
615 1258 673 1322 Dei
687 1279 840 1341 assurgere
854 1278 915 1320 non
930 1264 975 1321 est
991 1258 1139 1342 dignatus.

534 1361 586 1425 Dn
600 1361 750 1425 Faancrs.

133 1467 195 1531 Hic
220 1466 325 1551 incipit
351 1465 389 1529 de
415 1465 537 1530 historia
559 1464 755 1530 Francorum.
801 1464 1029 1530 Valentinianus
1055 1467 1187 1530 Saxones

87 1570 249 1656 oppressit,
272 1576 302 1634 et
317 1569 430 1632 Alanos
451 1568 488 1633 ad
507 1567 676 1631 Meothides
691 1566 816 1652 paludes
831 1568 956 1652 fugavit.
1013 1569 1128 1633 Iterum
1142 1591 1192 1634 eos

87 1679 237 1757 sequutus
258 1670 425 1736 Sicambros
446 1677 560 1744 evocat,
585 1676 615 1734 et
641 1669 753 1733 tributa
777 1670 819 1734 eis
849 1670 991 1736 decennio
1013 1672 1136 1750 remisit,
1160 1679 1196 1736 ut

86 1776 204 1840 bellum
222 1782 326 1839 contra
345 1773 457 1838 Alanos
473 1774 666 1857 susciperent
722 1772 813 1842 Quod
837 1775 1031 1860 suscipientes
1046 1776 1088 1840 ita
1101 1783 1196 1840 totam

88 1886 213 1965 geutern
228 1877 371 1954 delevere,
392 1893 425 1941 ut
441 1899 478 1941 ea
491 1877 646 1941 innumera
661 1876 862 1955 multitudiue,
878 1899 932 1942 uec
952 1901 1031 1942 unus
1046 1884 1193 1963 superstes

89 1982 318 2065 relinqueretur.
365 1980 518 2044 Deeeunio
534 1979 657 2044 decurso
673 1979 793 2043 solitum
808 1981 904 2044 exacti
917 1980 1065 2045 tributum
1081 1981 1193 2045 solvere

89 2091 232 2150 mouent
287 2084 388 2154 Quare
401 2083 631 2147 Valentinianus
646 2083 770 2147 collecto
783 2083 901 2166 ingenti
916 2083 1046 2163 exercitu
1059 2083 1137 2148 bello
1152 2085 1195 2148 eis

8 2228 9 2233 κ
93 2188 222 2272 appetit,
253 2194 284 2251 et
320 2185 457 2250 vincitur.
496 2185 568 2256 Quo
598 2184 764 2250 infortunio
804 2184 918 2248 efferati
956 2183 1113 2252 crudeliter
1142 2184 1199 2249 sub

91 2290 303 2354 Marchomere
316 2297 348 2352 et
364 2287 525 2353 Ginibaldo
539 2295 570 2352 et
585 2287 705 2352 Priamo
720 2286 847 2350 ducibus
865 2310 882 2352 a
898 2286 1057 2351 Sicambria
1079 2286 1198 2371 egressi,

96 2393 233 2477 plurirua
246 2392 356 2477 oppida
370 2414 455 2457 secus
470 2392 548 2475 ripas
563 2392 639 2456 Beni
654 2413 807 2475 occupare.
853 2391 976 2456 Mortuo
996 2392 1200 2458 Marchomere

99 2493 308 2560 Ilaramundus
321 2494 363 2558 eis
378 2495 571 2579 praeponitur,
595 2515 687 2577 aquo
701 2493 808 2558 Franci
824 2493 896 2558 dicti
911 2501 991 2568 suut,
1007 2517 1068 2559 non
1083 2502 1118 2559 ut
1134 2496 1199 2579 qui-

96 2598 170 2662 dam
194 2596 353 2676 somniant,
375 2597 522 2662 aieritate
544 2597 630 2680 quasi
651 2597 771 2662 ferruci.
827 2597 947 2662 Olarent
962 2600 1057 2664 sancti
1072 2599 1200 2664 Basilius

93 2699 403 2784 cessassemus
431 2699 576 2784 precibus,
598 2707 719 2764 sanctus
749 2699 929 2779 Mercurius,
956 2700 1082 2785 jubente
1112 2699 1200 2765 beata

97 2803 207 2880 Maria,
231 2802 340 2866 occidit
361 2801 515 2866 Juliauum
539 2806 727 2886 Apostatam,
749 2809 781 2866 et
811 2802 975 2888 Gregorius
999 2804 1200 2868 Nazanaenus

97 2908 204 2972 doctor
213 2907 234 2970 J
235 2907 386 2984 eoronimi,
401 2913 431 2971 et
444 2906 548 2970 beatus
560 2906 709 2972 Martinus
718 2907 920 2971 Thuronensis
930 2907 1068 2993 episcopi.
1098 2909 1200 2972 Patres

101 3032 223 3095 quoque
256 3009 432 3086 Maclrarius,
461 3008 606 3085 Isidorus,
630 3009 813 3088 Heraclides,
845 3008 1047 3093 Benjaminus,
1078 3010 1202 3074 Effrem.

100 3111 189 3176 Obiit
211 3111 392 3174 Athanasius
414 3111 636 3175 Alexandrinus
658 3111 837 3189 Patriaroha,
862 3113 914 3195 qui
936 3111 1103 3196 symbolum
1131 3113 1203 3178 fecit

101 3212 187 3299 quod
207 3216 258 3278 Ad
270 3216 400 3296 primaru
421 3213 540 3278 dicitur.
585 3213 698 3278 Valens
720 3213 881 3278 monachos
911 3214 1036 3278 militare
1065 3214 1201 3280 nolentes

102 3316 265 3388 interiecit,
294 3317 419 3380 oonsilio
450 3317 585 3380 Arrianae
614 3317 724 3381 uxoris.
770 3316 861 3380 Passa
890 3323 962 3380 sunt
994 3316 1125 3381 Coloniae
1156 3318 1205 3382 XI

103 3420 199 3485 millia
219 3419 370 3503 virgiuum
394 3420 431 3484 de
459 3420 616 3484 Britannia
637 3419 797 3484 venientes.
843 3419 937 3484 Gothi
962 3420 1045 3483 liunt
1073 3420 1204 3484 haeretici

104 3523 160 3608 qui
188 3545 344 3609 uunquam
372 3523 492 3586 inerant
520 3521 676 3587 Catholici.
734 3522 963 3587 Valentinianus
994 3523 1092 3588 minor
1120 3523 1203 3588 iilius

104 3625 223 3710 majoris
252 3633 342 3689 natus
371 3624 409 3687 de
437 3624 610 3688 Justiniana
648 3624 775 3688 Arriano
816 3625 939 3690 consilio
970 3625 1078 3690 Matris
1108 3625 1206 3690 adhuc

11 3715 16 3732 ’
105 3750 193 3814 puer,
208 3734 277 3813 post
302 3738 427 3790 mortem
447 3727 549 3811 patris,
565 3727 618 3810 qui
637 3727 670 3791 iu
691 3725 817 3791 Thracia
830 3726 951 3812 lugiens
972 3729 1115 3792 aGothis
1127 3729 1205 3792 occi·

104 3853 168 3909 sus,
189 3831 329 3894 incensus
351 3835 396 3892 est
414 3829 446 3892 in
461 3851 537 3893 casa.
606 3828 770 3894 Mediolani
791 3829 931 3913 pulsabat
948 3829 1153 3909 Ambrosium,
1175 3840 1207 3897 et

105 3933 225 3998 obsedit
238 3933 271 3997 in
291 3932 423 3996 ecclesia.
479 3931 565 3996 Tunc
586 3932 690 4017 hymni
712 3940 743 3995 et
757 3932 868 4016 vigiliae
889 3930 931 3996 ibi
946 3941 1069 4017 repertae
1087 3941 1118 3998 et
1132 3957 1205 3999 usus

109 4035 351 4109 Mediolanensis,
372 4032 424 4098 sed
438 4034 631 4118 postmodum
653 4057 725 4100 usus
742 4034 944 4119 Gregorianus
959 4057 1014 4118 per
1024 4035 1205 4101 miraculum

106 4140 140 4203 iu
165 4139 291 4204 ecclesia
314 4137 482 4221 praevaluit.
537 4136 812 4202 Mediolanensibus
836 4137 934 4202 adhuc
960 4138 1090 4222 primum
1119 4163 1207 4205 usum
