3042 5134
327 483 388 546 134
727 481 871 546 Raonnrr
916 483 1020 546 Nrorn

319 647 411 730 Regis
441 647 559 713 Ricardi
598 647 679 732 apud
708 649 952 734 Glastingheheri
989 658 1035 715 est
1063 659 1224 736 repertum,
1254 653 1308 737 qui
1337 654 1423 718 locus

318 749 479 834 paludibus
509 751 580 813 olim
608 753 822 835 circumseptus
852 751 949 815 insula
990 752 1144 816 Avallonis
1173 753 1361 833 Britannice,
1392 755 1424 818 id

320 860 366 917 est
394 875 559 938 pomorum,
585 855 731 918 vocitatus
759 863 814 917 est.
860 853 919 918 Sed
936 855 1012 938 ¹quia
1033 855 1214 919 Britanniem
1240 857 1363 921 historia
1392 857 1429 920 dc

319 957 383 1040 ejus
413 961 507 1019 morte
536 954 580 1018 nil
609 963 723 1019 cenum
760 956 893 1033 tradidit,
924 957 1064 1021 Britones
1093 979 1162 1021 curo
1194 958 1293 1022 adhuc
1323 958 1422 1022 vivere

321 1058 460 1122 delirant.

363 1160 583 1225 VMDCCXX.
628 1163 826 1226 Anasrasros
843 1183 1015 1225 rarrcaavm
1032 1182 1128 1225 arnus
1144 1163 1281 1226 XXVII.

374 1262 424 1327 Ad
445 1262 465 1327 J
469 1264 602 1327 uotiuum
624 1264 830 1349 imperatorem
858 1264 938 1327 misit
961 1263 1097 1327 Ormisda
1127 1264 1208 1348 Papa
1237 1264 1422 1328 Germanum

318 1366 492 1452 Capuanum
515 1369 686 1453 episcopum
711 1379 740 1431 et
762 1367 931 1430 Iohannem
953 1375 983 1430 et
1014 1366 1195 1432 Blandinom
1230 1367 1420 1453 presbyteros

319 1469 498 1546 Cardinalcs,
517 1470 660 1534 mandans
676 1476 710 1533 ut
724 1492 799 1553 quos
820 1469 964 1534 Aebutius
987 1470 1253 1534 excommunicavit
1267 1469 1317 1532 hic
1337 1491 1421 1534 revo-

319 1580 409 1636 caret.
456 1571 540 1636 Sedit
555 1572 707 1635 Iohannes
722 1572 813 1655 Papa,
831 1572 881 1655 qni
897 1572 960 1635 iens
975 1571 1012 1634 ad
1028 1571 1232 1655 imperatorem
1248 1593 1342 1653 quum
1356 1571 1419 1656 jam

319 1681 398 1738 esset
426 1675 457 1736 iu
481 1674 615 1758 partibus
636 1673 785 1750 Corinthi,
808 1673 928 1757 quidam
951 1673 995 1764 vir
1017 1672 1126 1736 nobilis
1149 1695 1259 1756 equum
1282 1673 1420 1757 conjugis

317 1799 380 1840 sum
413 1777 568 1853 concessit,
601 1784 636 1839 ut
656 1777 748 1840 alium
779 1784 881 1860 aptum
904 1776 1061 1860 reperiens,
1084 1776 1170 1840 illum
1193 1775 1250 1839 sibi
1272 1775 1310 1839 ad
1341 1799 1417 1860 opus

317 1879 452 1962 conjugis
484 1878 656 1955 remitteret,
690 1878 742 1941 sed
765 1879 914 1957 remissus,
941 1901 1093 1962 nunquam
1117 1865 1253 1963 conjugis
1275 1879 1417 1964 dignatus

316 1988 362 2044 est
376 2001 539 2044 ascensum.
594 1980 700 2063 Equus
715 1979 807 2064 Papae
822 1981 985 2044 remittitur
1000 1981 1050 2064 qui
1066 1981 1203 2045 Bizautio
1218 2003 1297 2044 caeco
1314 1980 1418 2044 lumen

318 2082 458 2160 reddidit,
487 2090 555 2168 post
585 2083 736 2148 &vennae
758 2107 776 2146 a
796 2083 980 2148 Theodorioo
1003 2090 1183 2168 peremptus.
1221 2083 1369 2147 Boethius
1391 2092 1419 2146 et

316 2185 477 2270 Symachus
515 2186 551 2250 ab
593 2187 695 2251 eodem
737 2189 924 2271 perimuntur
961 2186 1133 2252 Mediolani.
1193 2185 1412 2250 Theodoricum

314 2288 449 2352 Gothum
465 2311 558 2372 quum
572 2290 692 2373 quidam
715 2290 864 2354 solitarius
879 2290 961 2375 apud
974 2290 1106 2374 Liparim
1130 2290 1162 2352 in
1177 2289 1267 2353 ollam
1283 2289 1412 2352 Vulcani

314 2389 389 2454 vidit
410 2391 503 2475 mergi
528 2392 581 2456 nbi
604 2392 729 2457 cacabus
760 2393 863 2469 fervet,
887 2393 936 2456 hio
968 2393 1059 2476 vulgo
1082 2392 1191 2457 dicitur
1211 2391 1413 2455 Theodoriana

316 2492 354 2556 de
368 2493 502 2558 iuleroo:
519 2494 613 2558 simile
633 2496 663 2558 in
679 2494 813 2580 pluribus
830 2496 981 2579 repetitur.
1039 2494 1208 2559 Clotharius
1225 2503 1255 2557 et
1277 2493 1414 2557 Theodo·
1500 2533 1501 2551 r

314 2594 376 2658 rius
390 2596 481 2659 irater
495 2597 560 2680 ejus
573 2597 775 2680 Thorirrgiarn,
797 2597 827 2659 id
844 2603 888 2660 est
898 2596 1080 2674 Lothariam,
1095 2603 1220 2659 vastant.
1266 2594 1415 2658 Clutorius

313 2696 401 2760 duxit
424 2697 634 2781 Radogundam
657 2699 750 2763 tiliam
774 2700 900 2763 Bertarii
923 2701 999 2782 regis
1021 2699 1249 2781 'Phoringorum
1270 2705 1301 2760 et
1332 2711 1410 2782 post,

312 2797 431 2862 fratrem
454 2801 519 2883 ejus
541 2801 658 2878 occidit,
681 2801 761 2864 uude
783 2809 813 2864 et
834 2802 899 2885 ipsa
920 2801 956 2864 lit
980 2800 1211 2864 sanctimonialis
1237 2799 1354 2862 Pictavi
1380 2820 1412 2862 ao

315 2908 384 2984 post
403 2901 547 2966 deificata.
592 2903 740 2967 Clotarius
760 2912 790 2968 et
813 2903 1020 2968 Childebertus
1042 2904 1117 2967 duos
1137 2902 1216 2966 lilios
1237 2901 1416 2965 Clodomiris

315 3003 414 3067 fratris
443 3007 489 3068 sui
511 3005 670 3083 occidunt;
697 3007 803 3070 tertius
828 3007 925 3071 factus
949 3015 994 3069 est
1018 3005 1179 3091 presbyter.
1225 3004 1308 3068 Sedit
1332 3004 1415 3068 Felix

315 3128 393 3190 papa
414 3118 536 3192 quartus
558 3117 662 3172 atavus
691 3109 769 3172 beati
799 3110 934 3192 Gregorii
968 3109 1055 3192 Papae
1085 3108 1135 3191 qui
1162 3107 1234 3170 iecit
1262 3107 1414 3171 ecclesiam

317 3217 487 3274 sauctorum
509 3210 623 3275 Cosmae
646 3219 677 3275 et
710 3211 845 3275 Damiani
867 3211 906 3275 ad
928 3210 1038 3274 clivum
1069 3211 1172 3274 Scauri
1203 3209 1256 3274 uhi
1287 3211 1413 3293 quiescit
1498 3251 1499 3256 κ

315 3310 470 3390 Romulus,
501 3326 532 3377 et
555 3313 622 3377 ideo
648 3314 690 3377 ibi
718 3313 878 3377 stationem
907 3313 978 3377 lecit
1004 3312 1052 3376 die
1080 3335 1138 3396 qna
1162 3320 1299 3377 cantatur
1326 3314 1414 3377 Salus

316 3417 436 3497 Papam.
496 3416 616 3481 Abhinc
638 3418 818 3501 protrahunt
844 3415 994 3479 historiam
1027 3416 1191 3499 Gregorius
1220 3416 1412 3494 Turonensis,

316 3516 382 3594 Ivo,
407 3519 590 3603 freculphus
605 3519 773 3602 discipulus
790 3518 890 3596 Bedae,
914 3525 945 3581 et
968 3517 996 3581 H
1001 3539 1059 3602 ugo
1072 3517 1108 3580 de
1123 3529 1226 3582 sancto
1245 3516 1369 3582 Victore
1383 3526 1411 3582 et

317 3641 419 3684 omnes
434 3621 553 3704 posteri.

357 3721 675 3787 VMDCCXXVIII.
721 3723 741 3786 J
745 3743 933 3787 osrrnranos
949 3743 1125 3786 russorum
1139 3743 1237 3786 anuis
1254 3722 1352 3787 VIII.

357 3826 378 3889 J
380 3826 544 3889 ustinianus
560 3824 597 3887 de
621 3824 722 3888 multis
737 3825 878 3909 gentibus
901 3825 1106 3910 triumphavit,
1124 3833 1154 3888 et
1168 3825 1241 3889 lecit
1255 3824 1407 3890 ecclesiam

314 3928 573 4011 Constantinopoli
605 3949 693 4012 qnam
723 3928 800 3992 dixit
824 3928 1049 4012 Agiosophiam,
1077 3936 1107 3992 et
1137 3929 1168 3992 in
1190 3951 1225 3992 ea
1250 3928 1410 4014 psallentes

313 4037 481 4102 DCCCCL
514 4036 651 4114 decanos,
673 4037 692 4100 i.
715 4060 740 4100 e.
759 4037 926 4113 canonicos,
954 4043 984 4098 er
1016 4058 1053 4099 ne
1075 4034 1174 4119 plures
1203 4034 1411 4100 addicerentur

314 4139 455 4204 inhibuit.
515 4140 563 4202 De
595 4139 651 4203 hac
689 4139 784 4203 multa
823 4136 957 4202 fabulose
994 4138 1171 4214 referuntur,
1206 4159 1240 4200 ac
1276 4139 1410 4222 quaedam
1496 4129 1497 4180 i
