3042 5134
552 476 744 540 Ousourcca
759 475 804 539 Il.
1155 486 1215 549 lm

113 646 334 737 persequutoris
346 646 518 710 inclinante.
557 644 676 710 Horum
693 653 819 730 quatuor
834 646 996 712 satellitum
1013 651 1133 716 vionius
1144 653 1211 717 ice-

60 754 63 757 ’
113 758 187 817 runt
199 753 265 814 lma
276 776 285 828 ς
308 747 492 833 Reginaldris
504 747 587 812 iilius
601 747 682 826 Ursi,
695 746 790 832 llugo
799 748 836 812 de
851 749 1014 828 Manaville,
1030 751 1211 817 Willielmus

114 855 156 918 (le
168 853 265 930 llari,
284 850 434 915 Ricardus
448 849 542 914 Brito.
1124 837 1126 842 ⁵

124 939 146 996 s
160 956 253 1018 Visus
266 961 313 1018 est
327 952 415 1017 draco
432 953 513 1016 mirae
526 953 740 1036 magnitudinis
763 953 841 1037 apud
858 954 999 1018 &natam
1019 955 1156 1020 Ositbam
1177 959 1214 1020 de

113 1058 227 1122 Obichc
254 1078 316 1129 nou
329 1055 419 1140 longe
442 1077 459 1118 a
473 1062 553 1118 terra
567 1076 619 1138 per
632 1076 699 1118 aera
712 1054 791 1130 terri,
808 1077 843 1118 er
858 1057 944 1140 cujus
960 1063 1042 1119 motu
1057 1079 1108 1120 aer
1126 1057 1158 1120 in
1171 1059 1217 1142 ig·

112 1181 182 1222 nem
196 1158 361 1222 concitatus
376 1156 525 1240 quandam
535 1156 657 1219 domum
670 1155 803 1219 incendit
815 1179 903 1240 quam
931 1179 1001 1220 cum
1024 1157 1079 1222 sibi
1092 1160 1219 1244 asnjam

113 1261 172 1324 ctis
185 1261 218 1324 in
233 1261 361 1324 cinerem
380 1259 504 1342 redegit.
530 1258 598 1321 Hoc
611 1257 725 1321 iactum
737 1265 786 1321 est
800 1259 930 1322 secundo
946 1259 1048 1323 Martii
1064 1283 1219 1326 nouarum.

113 1362 256 1426 Similiter
269 1362 397 1445 contigit
414 1361 446 1424 iu
467 1359 573 1424 Galliis
594 1358 674 1443 apud
696 1359 844 1443 quoddam
859 1362 1069 1424 monasterium
1082 1365 1165 1447 quod
1180 1365 1218 1428 si-

114 1471 181 1530 tum
189 1471 235 1527 est
244 1463 295 1527 ubi
305 1462 443 1527 Matrona
454 1462 565 1526 fluvius
577 1461 656 1525 cadit
666 1461 699 1524 in
707 1461 866 1545 Sequinam
879 1471 909 1526 et
917 1469 1040 1528 vocatur
1051 1466 1220 1531 coeuobium

113 1566 190 1630 illud
206 1565 322 1640 Fossen,
339 1563 389 1628 nbi
406 1571 525 1628 sanctus
540 1564 666 1626 Mamas
680 1564 847 1647 requiescit.
881 1565 959 1630 Nam
977 1590 1067 1652 quum
1085 1568 1221 1652 quedam

117 1670 217 1733 valida
224 1675 383 1753 tempestas
391 1668 592 1732 tonitruorum
605 1674 694 1751 atque
704 1667 870 1732 nimborum
881 1669 939 1733 illis
951 1671 984 1734 in
995 1671 1128 1756 partibus
1139 1670 1221 1736 subi·

114 1778 149 1834 to
164 1770 286 1834 suborta
299 1769 414 1846 inisset,
430 1791 497 1832 ecce
513 1768 632 1852 quidam
659 1791 780 1854 serpeus
795 1792 846 1854 per
859 1793 925 1835 aera
946 1792 1038 1857 super
1053 1774 1220 1838 llatronam

113 1872 235 1936 advertit
251 1872 364 1949 volans,
387 1871 568 1936 incredibilia
589 1871 789 1956 longitudinis
803 1880 833 1937 et
849 1874 1067 1957 grossitudinis,
1083 1897 1172 1960 quem
1185 1885 1218 1941 et
1237 1941 1241 1948 ,

114 1973 252 2039 flammas
275 1973 312 2038 de
336 1997 386 2038 ore
409 1980 440 2038 et
465 1973 586 2038 naribus
607 1975 729 2057 jaciens,
750 1981 781 2038 et
800 1976 883 2058 quasi
909 1983 1113 2061 tempestatem
1139 1978 1222 2043 illam

116 2077 259 2162 fugiendo
274 2076 432 2140 declinans.
479 2075 571 2141 Quod
591 2075 729 2139 horribile
744 2084 909 2141 monstrum
926 2080 1062 2144 monachi
1086 2080 1220 2166 praedicti

116 2179 175 2244 loci
197 2186 228 2243 et
250 2179 385 2264 patriotae
407 2185 582 2242 contuentes
604 2177 697 2241 nimio
717 2178 824 2242 timore
846 2185 875 2242 et
904 2179 1024 2245 horrore
1049 2181 1221 2247 conturbati

117 2288 198 2360 sunt,
215 2280 427 2345 desolationem
448 2288 478 2344 et
493 2281 760 2344 concremationem
783 2281 877 2346 totius
900 2282 957 2347 loci
977 2282 1179 2363 formidantes,
1196 2285 1223 2349 si

116 2408 148 2449 se
163 2384 250 2448 draeo
264 2385 297 2447 in
308 2383 482 2448 habitaculis
497 2405 601 2447 corum
614 2383 770 2468 ingereret.
816 2383 934 2449 Interea
948 2384 1068 2468 quidam
1086 2407 1121 2449 ex
1134 2407 1222 2450 mun-

117 2486 199 2551 achis
214 2485 285 2550 fidei
299 2485 409 2550 virtute
423 2486 555 2570 inclytus
569 2491 600 2548 et
616 2485 796 2549 admirabilis
811 2487 900 2550 sacris
914 2486 1048 2550 vestibus
1063 2509 1094 2552 se
1112 2485 1222 2566 induit,

115 2598 208 2674 atque
225 2594 440 2653 sacrosanctam
460 2588 586 2652 hostiam
607 2588 757 2653 Dominici
777 2590 906 2673 corporis
927 2590 959 2653 iu
982 2589 1120 2654 manibus
1151 2611 1220 2656 cum

118 2715 226 2778 magna
254 2692 417 2756 reverentia
438 2693 552 2776 accepit
562 2719 572 2770 ;
596 2693 696 2775 sicque
715 2699 846 2756 armatus
868 2691 985 2756 obviam
1005 2692 1070 2756 diro
1093 2693 1224 2778 serpenti

119 2794 200 2858 solus
211 2793 364 2878 processit,
376 2794 428 2877 qui
440 2795 501 2879 jam
515 2794 592 2857 fines
606 2816 708 2858 eorum
717 2780 874 2858 invasurus
889 2802 958 2858 erat.
1005 2793 1221 2859 Abilammivo·

120 2919 186 2960 mus
203 2918 322 2980 serpens
351 2895 450 2960 diviua
475 2896 586 2960 virtute
608 2904 773 2981 prostratus
796 2896 1004 2982 eupraesentia
1024 2903 1086 2961 tam
1108 2897 1224 2961 vivifici

120 2998 294 3064 sacramenti
309 2997 346 3063 ab
360 2999 442 3062 omni
458 2998 574 3064 volatus
590 2999 636 3063 sui
646 2983 799 3063 conamine
813 2999 967 3078 initiatus,
983 3023 1000 3064 a
1019 2999 1139 3064 sublimi
1155 3021 1221 3064 aera

121 3125 190 3167 cum
206 3103 334 3167 maximo
349 3103 463 3187 impetu
479 3104 511 3166 iu
526 3125 641 3167 amnem
657 3103 768 3168 decidit
781 3111 811 3167 et
826 3089 973 3212 nusquam
988 3111 1091 3189 postea
1107 3125 1223 3188 compa·

120 3205 190 3269 ruit·
244 3205 339 3290 Cujus
355 3205 514 3290 praecipicii
528 3205 630 3289 fragor
643 3205 706 3269 iere
725 3205 852 3290 perduc
874 3205 1010 3269 milliaria
1029 3205 1149 3270 auditus
1165 3212 1222 3284 ast,

123 3307 205 3371 sicut
217 3306 256 3371 ab
271 3307 377 3372 accolis
392 3307 521 3392 regionis
536 3307 617 3373 illins
633 3307 812 3372 andivimus.
870 3344 885 3398 s

125 3427 177 3490 Du
192 3446 487 3492 mmsnnmramoun
501 3427 603 3493 Ruum
618 3427 761 3492 anvnrcr
777 3427 814 3492 Π
829 3447 865 3492 ru
882 3425 1094 3492 Hvuunvrau.

168 3562 233 3626 Rex
258 3562 425 3646 Anglorum
450 3564 599 3630 Henricus
624 3565 670 3642 Il,
694 3563 791 3628 valida
814 3563 943 3628 militum
969 3584 1059 3626 manu
1087 3560 1224 3646 stipatus,

125 3665 205 3730 XVI
220 3665 338 3730 kalend.
361 3666 540 3731 Novembn‘s
555 3668 587 3731 in
600 3666 781 3753 Hyberuiam
797 3667 961 3751 applicuit3
977 3687 1066 3750 quem
1081 3663 1226 3729 Ricardus

123 3791 224 3833 comes
253 3768 394 3832 asciverat
423 3791 457 3832 ac
491 3777 583 3834 totam
612 3777 720 3834 terram
747 3769 850 3834 eodem
888 3767 952 3853 regi
982 3765 1105 3832 tradidit
1134 3785 1226 3849 qnam

124 3877 346 3961 suangaverat,
370 3884 405 3941 nt
433 3877 480 3941 vel
508 3879 551 3942 sic
580 3879 736 3943 efferatum
767 3880 831 3964 ejus
854 3878 991 3944 'animum
1021 3882 1124 3940 contra
1153 3895 1227 3939 enm

132 3981 389 3994 ———-.-—-

166 4017 198 4060 '⁸
212 4029 286 4099 King
309 4027 404 4100 Henry
434 4029 488 4082 aud
508 4029 609 4086 Becket
641 4030 719 4084 made
743 4048 826 4100 peace
849 4029 940 4096 finally
964 4046 997 4082 on
1025 4027 1071 4082 the
1096 4025 1168 4080 tund
1200 4024 1231 4079 ui

130 4115 293 4186 samnito.
