3042 5134
324 551 342 611 8
702 549 847 614 Runnnrr
884 550 987 614 Nmm

324 727 363 788 12
392 723 487 788 aunis.
533 722 756 808 Prophetabaut
779 725 894 803 Helias,
923 733 954 790 et
977 726 1137 792 Helisaeus.
1183 728 1275 792 Serto
1302 750 1371 793 vero

320 829 475 911 utriusque
490 827 594 891 Joram
605 827 719 911 rapitur
730 827 821 891 Elias.
867 827 963 912 Super
974 828 1085 894 Judam
1095 852 1204 910 nonus,
1214 831 1369 910 Ochouias,
1407 881 1411 890 .

321 953 381 995 uno
404 953 492 995 anno.
537 931 611 994 Post
641 953 730 1014 quem
754 931 906 1008 Athaliah,
929 937 1024 997 mater
1044 934 1118 1018 ejus,
1143 935 1280 999 71111111.
1323 934 1370 999 Eo

318 1032 625 1118 11111111111111111111,
652 1033 733 1096 filins
760 1032 891 1112 Reohab,
919 1035 1015 1098 clarus
1038 1042 1110 1099 erat.
1156 1037 1252 1120 Super
1277 1036 1372 1101 Israel

320 1135 463 1214 decimus,
479 1136 549 1214 deii,
568 1136 654 1199 annis
670 1139 721 1200 28.
771 1135 878 1200 Joiada
892 1158 1027 1200 summus
1041 1138 1177 1222 pontifex
1191 1138 1259 1202 fuit.
1305 1137 1369 1208 Qui

319 1239 401 1304 solus
422 1247 492 1324 post
514 1239 649 1323 Moysem
663 1238 740 1302 vixit
762 1242 823 1303 130
846 1239 941 1303 annis.
986 1240 1082 1325 Super
1101 1240 1123 1304 J
1126 1241 1212 1322 udam
1233 1241 1366 1306 decimus

321 1341 415 1406 Joash
441 1342 527 1406 annis
552 1345 605 1406 40.
641 1341 774 1426 Septimo
795 1341 888 1406 Joash
914 1350 945 1406 et
968 1342 1127 1407 undecimo
1150 1343 1210 1408 Jeii
1224 1343 1372 1408 occiditur

318 1445 438 1510 Anarias
454 1445 607 1530 propheta.
653 1445 748 1528 Super
763 1444 856 1509 Israel
870 1444 1004 1509 doachab
1019 1451 1051 1527 et
1064 1445 1085 1510 J
1086 1446 1166 1524 oath,
1179 1446 1365 1525 undecimus,

318 1550 356 1614 17
375 1549 471 1612 annis.
515 1549 607 1612 Nono
629 1569 707 1611 anno
722 1547 797 1631 ejus,
812 1557 843 1611 et
861 1550 923 1611 330
945 1546 1027 1612 Jehu
1041 1549 1167 1612 moritur
1181 1548 1364 1634 ilhelysaeus.

316 1650 501 1715 Duodecimn
522 1650 586 1734 ejus
606 1671 686 1714 anno
709 1654 740 1712 et
760 1652 822 1713 360
841 1648 912 1727 Jeii,
927 1649 1072 1714 occiditur
1096 1649 1259 1730 Zacharias,
1282 1652 1365 1716 filius

315 1752 476 1828 Baraehiae,
506 1753 584 1815 inter
616 1751 774 1835 Templum
803 1759 834 1815 et
861 1751 963 1830 altare,
989 1775 1008 1815 a
1035 1774 1111 1836 rege,
1134 1753 1215 1818 doas.
1270 1754 1366 1838 Super

315 1854 336 1918 J
338 1855 428 1918 udam
443 1855 616 1919 undecimus
632 1853 777 1931 Amasias,
793 1854 879 1918 annis
895 1858 946 1919 29.
993 1855 1088 1940 Super
1107 1855 1201 1919 Israel
1222 1855 1363 1921 duodeci·

315 1979 391 2035 mus,
403 1957 424 2019 J
425 1956 573 2034 eroboam,
585 1956 671 2020 annis
683 1958 736 2020 41.
782 1957 877 2041 Super
891 1956 912 2020 J
915 1955 1001 2020 udam
1012 1957 1216 2035 duodecimus,
1230 1959 1361 2039 Azarias,

314 2059 366 2142 qui
388 2066 418 2123 et
440 2061 528 2123 Ozias
551 2059 669 2138 dicitur,
691 2062 731 2122 52
754 2061 850 2142 annis.
895 2059 1117 2143 Prophetabaut
1139 2059 1228 2138 Ozee,
1247 2061 1362 2140 Ysaias,
1442 2059 1457 2076 “

315 2162 418 2241 Amos,
435 2163 539 2227 Jonas.
586 2163 681 2247 Super
696 2162 790 2227 Israel
811 2162 917 2226 tertius
935 2162 1076 2240 decimus,
1092 2162 1254 2240 Manaheu,
1274 2165 1362 2228 annis

318 2265 367 2328 10.
392 2266 486 2350 Super
500 2265 595 2330 lsrael
611 2268 720 2329 1111111
735 2266 856 2330 Saeeras
871 2270 891 2329 3
906 2265 1001 2329 aunis.
1032 2265 1128 2349 Super
1142 2264 1236 2329 Israel
1253 2269 1361 2332 l5mns
1379 2254 1382 2259 ⁴

313 2367 438 2446 Phacee,
463 2371 503 2431 20
527 2371 623 2432 annis.
668 2368 764 2452 Super
779 2367 799 2430 J
802 2367 891 2432 udam
912 2370 1020 2431 lssmus
1040 2367 1181 2444 Joathan,
1208 2370 1246 2430 16
1264 2369 1358 2436 annis.

313 2469 383 2540 Quo
405 2477 539 2552 tempore
563 2471 675 2534 Remus
698 2477 729 2534 et
753 2469 900 2534 Romulus
916 2469 1048 2533 fuerunt.
1091 2468 1258 2534 Undecimo
1281 2493 1361 2536 anno

309 2574 335 2658 ej
340 2596 382 2650 us,
393 2573 644 2657 prophetaverunt
655 2572 741 2649 Osee,
754 2571 775 2634 J
776 2571 853 2650 ohel,
867 2571 981 2649 Ysaias,
994 2571 1105 2635 Obeth.
1140 2572 1236 2656 Super
1247 2572 1268 2634 J
1269 2572 1360 2637 udam

310 2676 598 2759 quartusdecimus,
623 2674 735 2751 Achaz,
758 2675 844 2738 annis
868 2675 1107 2758 requiritur]
1131 2697 1220 2738 suum
1244 2675 1361 2760 trajecit

310 2801 363 2862 per
377 2779 479 2862 ignem
494 2777 526 2840 in
541 2773 617 2841 ualle
629 2776 805 2841 Gehennon.
850 2777 897 2840 Eo
912 2784 1046 2861 tempore
1060 2777 1156 2841 Roma
1170 2777 1291 2841 condita
1304 2784 1361 2842 est.

310 2880 415 2944 Ysaias
435 2880 509 2943 vidit
529 2901 604 2942 onus
620 2877 790 2962 Babylonis.
824 2879 1044 2963 Theglaphasar
1058 2886 1230 2942 ornamenta
1244 2879 1361 2964 Templi

308 2982 441 3067 diripuit.
488 2983 583 3067 Super
598 2981 690 3046 lsrael
705 2981 965 3060 sextusdecimus,
982 2980 1059 3044 Osee
1074 2985 1093 3044 9
1109 2982 1195 3044 annis
1209 2983 1357 3065 regnavit.

307 3086 401 3170 Cujus
429 3093 560 3169 tempore
590 3083 692 3147 decem
721 3083 816 3147 tribus
842 3083 997 3168 captivatae
1027 3089 1098 3146 sunt
1123 3106 1139 3147 a
1168 3083 1357 3148 Salmanazor

306 3210 392 3272 rege;
418 3188 496 3251 inter
505 3210 578 3271 quos
592 3186 651 3250 luit
666 3185 804 3249 Thobias.
850 3186 945 3268 Super
956 3185 978 3247 J
979 3184 1070 3248 udam
1078 3185 1201 3268 quintus
1213 3185 1356 3264 decimus,

306 3293 458 3368 Ezechiae,
482 3291 533 3374 qui
553 3296 718 3373 serpentem
741 3311 856 3352 aeneum
876 3288 1025 3365 contrivit,
1040 3289 1176 3371 regnavit
1199 3289 1355 3354 29111111.

307 3393 369 3463 Qui
393 3400 423 3457 et
445 3400 513 3475 post
533 3391 655 3455 tertium
676 3412 798 3468 aunum,
817 3389 982 3454 seeundum
1003 3389 1125 3454 verbum
1149 3389 1246 3468 Isaiae,
1266 3391 1354 3474 signo

305 3502 428 3578 accepto
450 3495 486 3557 de
506 3515 641 3578 regressu
663 3493 733 3556 solis
756 3498 787 3555 et
804 3492 957 3556 sanatione
978 3491 1085 3556 ulceris
1107 3493 1164 3571 sui,
1182 3491 1355 3556 mirabiliter

302 3597 444 3661 liberatus
468 3603 515 3660 est
538 3619 555 3660 a
581 3595 790 3660 Sennacherib.
836 3595 932 3678 Super
954 3594 1067 3658 dudam
1087 3601 1190 3658 sextus
1211 3593 1353 3674 decimus,

305 3699 468 3776 Manassae,
486 3702 524 3762 55
547 3699 642 3776 annis,
659 3697 711 3781 qui
736 3696 871 3781 implevit
895 3696 1062 3760 Jerusalem
1091 3697 1235 3780 sanguine
1260 3719 1356 3780 usqne

305 3802 341 3867 ad
358 3825 400 3881 os,
411 3807 441 3865 et
456 3823 534 3864 serra
551 3801 650 3880 lignea
661 3800 755 3864 secuit
770 3799 892 3863 Ysaiam
905 3821 959 3883 per
972 3798 1113 3862 medium.
1159 3799 1218 3862 Sed
1234 3799 1355 3863 tandem

304 3927 465 3972 conversus
497 3909 527 3967 et
556 3903 712 3986 poenitens,
741 3902 872 3986 optimus
901 3903 998 3965 iaetus
1019 3907 1074 3965 est.
1122 3901 1218 3985 Super
1239 3901 1353 3965 dudam

304 4009 448 4093 septimus
467 4005 609 4082 decimus,
626 4005 734 4081 Amor,
751 4004 838 4068 annis
855 4007 906 4081 12,
921 4003 969 4067 vel
984 4008 1003 4066 2
1017 4002 1179 4066 secuudum
1197 4002 1351 4068 Hebraeos.

303 4113 443 4176 Summus
465 4107 604 4172 Pontifex
630 4107 779 4171 Helchias.
825 4107 920 4190 Super
935 4105 1048 4170 Judam
1069 4105 1202 4169 decimus
1218 4111 1353 4184 octavus,

301 4215 399 4279 Josias
418 4213 518 4296 justus
539 4213 581 4274 82
604 4208 699 4287 annia,
723 4209 776 4292 qui
797 4214 827 4272 et
848 4206 1078 4292 incomparabile
1098 4207 1196 4270 Phase
1216 4207 1298 4284 fecit,
1320 4215 1352 4271 et

301 4314 498 4380 idololatriam
507 4310 662 4384 destruxit.
695 4308 793 4378 Quem
802 4308 940 4374 Pharaoh
951 4309 1075 4374 Necaoh
1086 4308 1195 4374 oceidit
1205 4308 1238 4372 in
1246 4331 1351 4392 campo
