3042 5134
303 533 354 600 ts·
694 531 845 600 Itanum
864 531 971 598 Nroru

301 722 400 788 usque
422 702 461 768 ad
480 702 674 789 Euphratem.
735 701 797 768 Sed
823 707 855 766 et
875 700 1036 766 Mahumet
1049 699 1322 786 pseudopropheta,
1352 699 1407 786 qni

302 804 450 889 frequenti
464 804 610 884 discursu,
621 813 652 870 et
662 829 680 872 a
691 806 807 870 ludaeis
821 805 935 889 Legem
945 809 1002 868 eta
1013 803 1192 868 Christianis
1206 803 1407 888 Evangelium

304 907 456 986 didicerat,
477 913 508 974 et
528 910 651 994 insuper
669 909 824 996 profanam
843 915 937 973 artem
959 907 1083 992 magicae
1103 914 1236 986 noverat,
1250 906 1418 992 praebebat

302 1009 445 1075 ducatum
470 1011 611 1096 gentibus
636 1018 666 1078 et
691 1011 855 1077 audaciam.
899 1008 991 1074 Unde
1017 1015 1049 1073 et
1069 1009 1120 1074 ille
1141 1009 1296 1094 Cadigam,
1319 1016 1407 1074 terrae

307 1111 467 1192 dominam,
480 1113 633 1199 deceptam
643 1112 777 1178 traduxit
785 1113 817 1177 in
826 1134 959 1191 uxorem,
972 1116 1003 1176 et
1012 1111 1124 1176 multos
1132 1111 1220 1176 etiam
1230 1111 1409 1177 ludaeorum

306 1213 423 1300 decepit
440 1214 543 1282 diceus
559 1237 590 1280 se
609 1216 751 1282 Messium
775 1238 850 1280 esse.
903 1214 1002 1298 Coepit
1023 1213 1118 1297 igitur
1143 1235 1236 1278 novas
1256 1213 1340 1298 leges
1363 1214 1409 1278 eia

307 1316 377 1381 dare
386 1344 397 1398 3
413 1325 444 1382 et
456 1318 570 1383 Arabes
579 1317 636 1384 sibi
645 1319 717 1383 fecit
726 1317 885 1384 adhaerere.
930 1316 1012 1380 Dum
1030 1325 1132 1382 autem
1142 1315 1255 1383 caduco
1266 1315 1410 1393 amomo

306 1417 452 1484 laboraret
466 1427 497 1486 et
511 1420 620 1486 nobilis
634 1421 743 1486 mulier
756 1443 788 1484 se
811 1419 967 1504 deceptam
985 1441 1050 1482 esse
1066 1418 1189 1496 doleret,
1201 1419 1350 1482 mentitus
1362 1424 1410 1482 est

301 1520 354 1585 ille
368 1523 449 1606 quod
463 1524 617 1604 accideret,
646 1523 748 1588 habito
765 1521 915 1606 colloquio
930 1542 1000 1584 cum
1029 1520 1210 1604 archangelo
1241 1519 1403 1604 Baphaele

307 1626 393 1710 cujus
416 1626 603 1710 splendorem
627 1634 657 1693 et
671 1627 860 1712 praeentiam
877 1648 938 1691 non
961 1632 1064 1710 posset
1077 1625 1110 1690 in
1124 1647 1214 1693 earne
1237 1625 1387 1690 sustinere
1396 1651 1407 1704 3

306 1735 338 1792 et
360 1725 428 1791 ideo
453 1727 553 1792 aiebat
573 1750 605 1794 se
634 1729 748 1808 cadere,
770 1736 802 1794 et
822 1750 885 1794 non
906 1750 945 1792 ex
965 1727 1092 1814 alicujus
1122 1727 1221 1794 morbi
1249 1727 1407 1814 languore.

226 1889 229 1900 ,
309 1827 558 1913 ideoqueomnes
573 1829 699 1917 decepit.

351 1946 399 2012 Eo
425 1954 558 2034 tempore
573 1949 720 2030 Adhesar,
746 1949 844 2016 lilium
868 1948 972 2028 Sirois,
999 1948 1146 2036 Sabharaa
1175 1947 1294 2028 occidit,
1320 1969 1412 2034 quem

310 2053 413 2118 statim
427 2051 559 2118 Boranin
572 2053 732 2119 interfecit.
776 2054 955 2137 Postquam
976 2053 1115 2137 regnarit
1135 2051 1307 2132 Hormisda,
1323 2074 1413 2136 quem

311 2154 419 2241 dejecit
444 2155 621 2242 Hpsmarus.
665 2157 707 2221 Et
731 2155 776 2220 ita
797 2154 979 2220 translatum
1003 2160 1049 2219 est
1072 2175 1201 2240 regnum
1229 2154 1268 2220 ad
1296 2153 1415 2220 Arabas

314 2255 408 2346 longo
421 2263 565 2344 tempore.

357 2378 450 2464 Apud
471 2378 599 2446 Calliam
619 2377 773 2444 Clothario
793 2375 935 2443 successit
952 2376 1037 2441 filius
1056 2377 1120 2463 ejus
1143 2375 1346 2461 Dagobertns,
1362 2376 1416 2462 qni

315 2479 461 2546 decedens
486 2504 612 2566 regnum
638 2481 863 2546 Austrasiorum
890 2480 974 2544 dedit
996 2479 1063 2544 filio
1088 2502 1143 2544 sno
1167 2479 1333 2564 sigeberto,
1358 2479 1416 2544 suh

296 2582 467 2648 tutoribus
500 2583 671 2649 Cuueberto
705 2583 845 2668 episcopo
883 2581 1055 2648 Coloniensi
1084 2588 1115 2648 et
1143 2581 1261 2666 Algisio
1295 2581 1415 2646 comite.

314 2683 487 2748 Naustriam
502 2690 533 2748 et
543 2683 752 2769 Burgundiam
767 2683 851 2748 dedit
859 2683 1030 2764 Clodovaeo,
1041 2683 1098 2748 sub
1110 2690 1209 2770 tutore
1219 2684 1309 2770 Egan
1320 2685 1418 2751 consi·

315 2785 477 2852 liariosuo.

358 2901 464 2968 Itomae
477 2903 633 2969 Bonifatio
648 2905 789 2970 suecmsit
805 2903 982 2984 Deusdedit,
999 2904 1072 2970 etei
1094 2904 1268 2970 Boniiacius
1280 2905 1417 2990 quintus.

314 3004 373 3070 Cui
384 3003 564 3092 subrogatur
575 3005 738 3086 Honorius,
753 3014 785 3072 et
799 3007 827 3073 ei
837 3007 1017 3073 Vitalianus.
1073 3008 1335 3093 Constantinopoli
1350 3015 1422 3094 post

314 3111 450 3199 Sergium
466 3114 543 3180 sedit
554 3113 696 3200 Pyrrhus,
712 3115 779 3180 falsi
791 3114 921 3178 nominis
935 3113 1110 3199 patriarcha.

360 3233 541 3300 Flornerunt
555 3257 591 3300 eo
612 3241 745 3320 tempore
767 3234 915 3320 Sulpitius
937 3234 1105 3312 Bilicensis,
1127 3232 1283 3298 Aldoenus
1304 3233 1421 3299 Retho-

317 3337 474 3422 magensis‚
489 3337 616 3423 Eligius,
632 3337 754 3414 aurifer,
771 3336 927 3422 episcopus
941 3335 1163 3401 Noviomensis.

361 3438 499 3504 Heraclio
514 3439 656 3504 defuncto
668 3438 780 3505 XXXI
789 3461 868 3504 anno
879 3437 996 3524 imperii
1006 3439 1062 3516 sui,
1077 3437 1162 3502 lilius
1173 3438 1248 3523 ejus,
1260 3437 1423 3502 Heraclius

136 3545 138 3552 ’
177 3530 199 3564 ”
317 3541 531 3606 Constantinus
553 3540 604 3604 vix
618 3563 671 3628 per
685 3548 813 3638 quatuor
826 3563 943 3606 menses
962 3535 1129 3625 imperarit,
1146 3562 1240 3626 quum
1259 3539 1422 3604 aMartina

319 3663 446 3707 noverca
467 3665 521 3707 sua
541 3664 655 3708 veneno
677 3643 829 3709 extinctus
851 3651 907 3708 est.
953 3643 1165 3709 Heraclionem
1185 3643 1309 3707 fratrem
1331 3664 1423 3707 suum

321 3884 426 3938 Auram
441 3891 467 3937 et
480 3885 616 3939 Aurnaurr
629 3884 700 3956 apud
716 3885 876 3938 Sarracenos
888 3892 915 3938 et
932 3885 1041 3938 Turcoa.
1061 3885 1202 3938 Hurarnarr
1221 3885 1313 3939 Graeci
1324 3894 1425 3940 vocant

321 3969 471 4041 Principem
490 3971 711 4037 Sarracenorum3
731 3971 920 4041 interpretatur
932 3980 1030 4037 autem,
1049 3971 1188 4037 atterunt,
1207 3971 1302 4042 lingua
1320 3989 1423 4037 eorum,

324 4055 492 4126 Praepositus.
519 4057 563 4109 Du
577 4057 682 4110 Canon.

358 4165 371 4222 1
391 4161 501 4216 Capreo
515 4163 618 4232 nonno]
632 4161 677 4214 the
689 4160 785 4231 falling
796 4158 922 4215 aickness.
