3042 5134
568 475 756 586 Caucaseos
779 517 807 584 1.
1171 509 1219 578 ὅδ’

107 694 212 780 turpia
225 693 296 762 iecit
309 692 414 779 ellingi
430 715 447 760 a
464 693 562 779 previa
577 691 770 771 mulierculis,
784 697 816 758 et
829 689 867 758 ad
879 689 1086 777 imperatorem
1096 687 1214 756 deterri.

108 797 259 862 Praeterea
273 797 370 862 edicta
384 805 487 862 contra
508 795 693 861 Christianos
701 796 786 861 aereis
800 794 912 860 tabulis
931 794 1004 862 iecit
1017 793 1174 872 conscribi,
1183 799 1215 858 et

109 900 146 964 in
160 901 298 967 civitates
312 922 416 965 omncs
431 898 602 964 transmitti.
1029 951 1034 957 .
1081 973 1084 976 ἦ

153 1002 263 1066 Postea
278 1010 484 1068 successerunt
502 999 581 1066 bella
596 1007 627 1067 et
643 1002 737 1067 fames
752 1008 784 1068 et
799 1001 987 1089 pestilentiae,
1002 1007 1033 1065 ct
1052 999 1110 1066 alia
1123 999 1212 1064 innu-

108 1127 193 1172 mera
222 1104 319 1184 malu3
340 1105 418 1170 inter
446 1127 515 1190 quae
543 1113 643 1170 tamen
672 1106 779 1170 claruit
807 1105 1047 1171 Christianorum
1073 1101 1189 1187 relligio
1201 1127 1211 1180 3

110 1230 186 1293 quas
200 1207 278 1272 inter
287 1208 441 1292 angustius
452 1207 518 1273 suis
533 1209 621 1274 etiem
633 1208 894 1294 persequutoribus
908 1216 1031 1293 paterna
1043 1213 1075 1270 et
1085 1206 1214 1271 fraterna

107 1311 231 1376 caritate
246 1309 448 1376 subvenirent.
493 1311 597 1376 Romae
618 1333 688 1376 vem
703 1333 720 1375 a
735 1310 919 1396 pretorianis
934 1308 1080 1374 militibus
1095 1315 1213 1372 creatus

109 1419 157 1478 est
173 1414 332 1499 imperator
346 1414 518 1480 Maxentius
527 1441 537 1495 ς
560 1413 703 1480 adversus
722 1435 811 1499 quem
831 1435 900 1480 eum
920 1413 1038 1478 Licinio
1063 1410 1212 1496 conspira-

108 1516 157 1582 vir
186 1517 389 1582 Constantius.
434 1517 538 1588 Quum
552 1525 651 1582 autem
667 1517 745 1582 idem
760 1518 860 1582 fautor
879 1515 1116 1582 Christianorum
1129 1513 1211 1598 eogi-

111 1625 191 1684 taret
218 1618 255 1684 de
281 1619 366 1698 bello,
389 1620 523 1684 nondum
549 1621 684 1686 unciatus
706 1621 793 1706 signo
815 1620 920 1698 erucis,
943 1639 1062 1683 erucem
1083 1617 1115 1682 ia
1137 1615 1212 1681 eoelo

109 1721 212 1786 videre
227 1721 345 1786 meruit.
391 1721 480 1792 Quod
495 1723 614 1806 signum
629 1723 693 1808 ipse
709 1746 800 1788 manu
813 1728 944 1808 gesturus,
960 1742 1081 1786 aureum
1096 1718 1212 1783 vexillis

109 1824 202 1888 etiam
218 1825 280 1888 cuis
300 1824 429 1909 imprimi
451 1825 531 1890 feeit.
576 1826 662 1890 Adeo
682 1826 776 1912 igitur
795 1825 912 1890 coelitus
933 1825 1108 1901 instructus,
1124 1821 1211 1905 signo

108 1926 217 1990 Crucis
244 1947 374 2005 securus,
401 1926 440 1991 ad
466 1927 602 2011 praelium
627 1929 805 2014 properavit.
861 1928 1076 2005 Veruntamen,
1105 1923 1210 1989 sedulo

108 2051 226 2114 semper
239 2028 342 2094 cmbat
358 2052 394 2094 ne
406 2032 525 2114 signum
540 2029 616 2095 illud
626 2033 772 2116 sanguine
787 2031 978 2118 pollueretur,
991 2038 1021 2094 et
1030 2036 1065 2093 ut
1082 2026 1212 2113 populus

111 2131 270 2197 incolumis
283 2139 457 2198 servaretur.
502 2132 609 2198 Subito
621 2134 714 2218 igitur
722 2143 850 2198 exeunte
861 2134 957 2198 Roma
968 2131 1149 2196 aMaxeutio
1159 2152 1213 2215 per

110 2243 235 2319 pontem
251 2235 406 2315 transiens,
417 2258 504 2320 quem
514 2236 578 2321 ipse
589 2237 625 2300 ud
640 2237 806 2322 decipulam
821 2237 954 2300 hostium
964 2237 1081 2314 lecerat,
1097 2233 1209 2298 corruit

112 2340 145 2402 in
162 2339 301 2418 Tiberim,
318 2347 349 2404 et
363 2340 534 2405 submersus
555 2348 609 2405 est.
655 2340 792 2404 Elevavit
815 2339 907 2423 igitur
921 2337 1136 2400 Constantinus
1150 2334 1211 2418 sig·

53 2455 56 2458 '
107 2463 182 2506 num
198 2441 312 2522 Crucis,
323 2451 353 2507 et
368 2443 545 2507 omnimodis
561 2443 726 2521 honoravit,
740 2450 770 2506 et
785 2464 853 2505 cum
864 2440 981 2504 Licinio
992 2438 1087 2522 legem
1102 2435 1211 2501 edicta-

115 2544 175 2608 lem
189 2545 400 2630 promulgavit,
417 2545 453 2610 de
465 2545 529 2610 solo
540 2547 606 2611 Deo
621 2547 857 2611 Christianorum
870 2543 1019 2608 adorando
1033 2549 1064 2605 et
1078 2539 1213 2606 colendo.

109 2647 153 2711 Et
167 2655 203 2710 ut
217 2647 354 2712 similiter
368 2655 520 2727 statueret,
537 2649 701 2714 Maximino
717 2647 982 2713 denunciaverunt.
1028 2645 1097 2709 Hoc
1112 2650 1213 2707 autem

107 2749 180 2814 licet
194 2749 250 2815 sibi
266 2749 442 2834 displiceret,
457 2751 547 2829 lecit3
571 2750 733 2816 scientibus
755 2760 855 2815 tamen
873 2747 1113 2836 provincialibus,
1129 2745 1211 2831 quod

112 2859 219 2916 eontra
233 2875 316 2918 suam
331 2853 439 2917 laceret
454 2853 636 2918 voluntatem
652 2861 683 2917 et
697 2854 919 2918 conscientiam.

130 2954 266 3020 Licinius
278 2978 347 3019 vero
359 2962 462 3040 postea
471 2956 669 3021 Maximinum
680 2957 872 3042 expugnarit,
886 2962 919 3019 ut
930 2955 1027 3019 victus
1039 2961 1069 3016 et
1079 2952 1212 3017 sociatus

109 3055 265 3122 calonibus
281 3057 445 3142 aufugeret,
462 3065 492 3122 er
506 3062 607 3124 adsue
621 3060 739 3125 rediret.
786 3058 959 3123 Sacerdotes
981 3056 1074 3141 igitur
1089 3056 1211 3119 deorum

109 3183 129 3223 a
151 3159 260 3245 quibus
281 3160 386 3225 illusus
409 3167 480 3238 erat,
503 3161 574 3226 lecit
595 3162 697 3247 puniri
707 3189 717 3242 ,·
753 3169 785 3226 et
806 3183 967 3225 conversus
989 3159 1027 3223 ad
1056 3157 1157 3235 iidem,
1174 3159 1211 3220 de

108 3250 253 3328 libertate
277 3263 512 3328 Christianorum
543 3265 638 3349 legem
666 3266 737 3330 fecit
771 3264 943 3342 edictalem;
980 3284 1101 3346 sperans
1130 3260 1211 3344 qnod

111 3365 224 3429 Christi
240 3364 388 3450 adjutorio
409 3366 500 3450 impia
520 3365 598 3430 bella
613 3391 679 3452 qnae
699 3374 874 3453 conceperat
894 3367 926 3430 in
943 3365 1052 3443 animo,
1067 3363 1104 3428 ad
1120 3365 1212 3427 victo·

108 3470 187 3534 riam
215 3470 369 3535 traducere
390 3479 500 3556 posset.
561 3473 691 3538 Demum
721 3493 792 3538 vero
819 3472 922 3536 morbo
943 3471 1026 3556 regio
1049 3477 1212 3554 correptus,

108 3571 233 3637 orbatus
248 3581 294 3637 est
308 3572 490 3652 luminibus;
514 3581 544 3637 et
563 3597 678 3640 causum
696 3576 800 3660 gratia
822 3575 881 3639 Dei
896 3574 1036 3660 suscepit,
1054 3580 1088 3636 ut
1101 3574 1211 3637 intelli-

109 3680 195 3758 geret
216 3674 290 3738 iram
312 3675 369 3738 Dei
384 3683 412 3738 et
433 3676 592 3740 vindictam
615 3676 673 3741 sibi
693 3678 873 3741 incubuisse.
920 3678 1007 3741 Prius
1027 3698 1096 3740 vero
1120 3698 1211 3764 quarn

110 3776 176 3840 hac
198 3787 359 3860 agerentur
375 3777 486 3856 Romae,
503 3779 697 3844 Constantius
712 3779 792 3865 lepra
806 3781 945 3865 perfusus
966 3787 1020 3843 est.
1079 3779 1212 3843 Consilio

108 3878 203 3962 igitur
218 3879 405 3944 sacerdotum
414 3879 572 3960 idolorum,
585 3884 772 3967 congregatis
784 3883 886 3948 multis
897 3883 1062 3946 infantibus
1077 3882 1214 3946 occiden-

111 3983 169 4061 dis,
186 3989 339 4046 uteorum
360 3984 504 4068 sunguine
525 3983 606 4070 lepra
629 3991 853 4071 perungeretur,
871 3987 1009 4049 misertus
1029 3995 1074 4048 est-
1088 3986 1213 4070 impera·

109 4092 168 4164 tor,
187 4091 217 4149 et
238 4107 298 4164 eos,
321 4107 389 4149 eum
413 4085 558 4150 matribus
586 4089 657 4167 suis,
680 4086 855 4152 muneribus
878 4089 1009 4167 donauit,
1030 4097 1061 4150 et
1090 4087 1211 4151 remisit.

106 4185 208 4266 Unde,
225 4188 362 4273 sequenti
376 4195 465 4254 nocie
489 4189 651 4260 astiterunt
657 4189 689 4340 gi
711 4191 840 4276 apostoli
867 4191 974 4259 Petrus
990 4198 1020 4258 et
1042 4189 1164 4268 Paulus,
1180 4200 1211 4255 et
