3042 5134
548 513 742 579 Cnsonroon
765 514 793 579 Ι.
979 513 1005 585 ,’
1175 510 1216 575 tt
1322 488 1327 497 ¹

105 682 334 764 monasterium,
357 682 440 769 quod
463 682 630 769 appellator
650 682 736 749 Cella
764 684 874 749 Aurea.
944 678 1068 745 Mortuo
1103 676 1211 745 Cerolo

105 786 228 865 Cutide,
240 785 440 851 obtinuerunt
450 785 594 871 palatium
605 785 662 851 srlii
674 787 748 873 ejas,
758 784 883 851 Carolus
896 783 1026 868 Magnus
1034 790 1066 849 et
1074 782 1211 869 Pipinus.

109 889 171 955 seu
200 889 329 955 Carolus
357 889 518 974 assumpsit
553 888 706 975 religionis
740 888 886 967 habitum,
915 894 947 953 et
978 884 1104 973 Pipinns
1132 887 1214 953 solus

105 994 188 1060 anlre
208 994 388 1081 praepositus
412 994 481 1059 fuit.
533 993 687 1059 Defuncto
710 992 892 1079 Dagoberto,
908 994 1051 1059 soooessit
1069 994 1098 1059 ei
1115 994 1211 1059 Theo·

104 1096 239 1175 doricus,
255 1103 287 1161 et
308 1098 337 1161 ei
358 1096 554 1175 Childerious,
568 1096 621 1181 qui
636 1078 667 1161 et
683 1096 854 1161 Hilderious
870 1096 1034 1181 appellatus
1046 1110 1104 1177 est,
1120 1096 1210 1163 homo

104 1194 227 1263 inutilis
264 1199 398 1264 omnino.
464 1197 556 1265 Unde
601 1199 738 1285 Pipinus,
776 1200 874 1263 missia
901 1199 1007 1284 legatis
1030 1198 1067 1265 ad
1103 1221 1211 1285 papam

104 1302 289 1380 holmum,
299 1302 545 1392 quaesivitutrum
559 1324 613 1367 rex
627 1324 691 1367 esse
713 1301 803 1367 debet
817 1301 891 1367 adeo
900 1301 1015 1367 inutilis
1030 1302 1128 1367 homo.
1152 1302 1211 1367 Re-

107 1404 235 1491 spondit
248 1406 401 1471 &narius
415 1428 484 1470 eum
498 1426 600 1490 regem
613 1406 726 1470 oenseri
740 1412 771 1469 et
785 1405 926 1490 appellari
942 1404 1059 1483 debere,
1071 1405 1123 1489 qui
1137 1405 1212 1469 alios

106 1515 142 1573 et
164 1530 202 1572 se
223 1498 300 1572 bene
320 1516 444 1593 regeret.
487 1507 620 1573 Detruso
640 1508 734 1592 igitur
756 1507 910 1571 Hilderioo
933 1507 966 1571 in
988 1506 1211 1586 monasterium,

105 1611 209 1676 iaetus
231 1618 278 1675 est
304 1633 361 1675 rex
378 1611 515 1695 Pipinus,
530 1611 582 1695 qui
600 1610 712 1674 multos
725 1609 885 1692 debellarit
903 1618 935 1675 et
948 1610 1021 1675 feeit
1046 1608 1211 1689 Griionem,

19 1723 29 1748 ⁷
102 1714 230 1779 matrem
258 1734 356 1792 suum,
386 1734 487 1799 regem
503 1712 749 1791 -rlustrasiorum,
776 1722 814 1777 et
830 1712 1047 1791 Thalasionom,
1071 1720 1209 1799 nepotem

104 1838 209 1897 suum,
219 1816 329 1882 duoem
343 1817 530 1881 Balarorum.
575 1815 664 1881 Griio
678 1824 779 1881 autem
799 1824 904 1901 postea
917 1815 1080 1882 rebellavit.

151 1970 282 2051 Interea,
312 1977 382 2056 post
402 1970 515 2035 iactum
547 1977 634 2035 terrae
660 1977 775 2034 motum
797 1968 1067 2055 Constantinopoli,
1091 1977 1209 2035 mortuo

102 2072 219 2153 Leone,
255 2074 397 2138 suecessit
417 2073 499 2137 iilius
523 2074 588 2159 ejus
606 2070 832 2153 Constantinus,
854 2094 947 2157 quum
975 2071 1141 2137 effluxisset
1170 2070 1208 2135 ab

30 2171 34 2175 ’
102 2176 224 2261 origine
245 2174 351 2241 mundi
371 2181 474 2239 sextus
495 2174 671 2240 millesimus
685 2182 716 2239 et
731 2174 951 2240 ducentesimus
966 2174 1209 2261 quadragesimus

103 2285 241 2357 octavus,
267 2285 299 2343 et
319 2278 485 2343 seeundum
508 2279 762 2363 computationem
787 2278 1000 2364 AEgyptiorum
1015 2284 1116 2341 sextus
1141 2275 1210 2339 mvl-

101 2379 229 2444 lesimus
245 2379 467 2444 ducentesimus
483 2380 652 2465 trigesimus
667 2380 828 2446 secundus.
884 2379 1102 2444 Constantinus
1116 2378 1211 2463 igitur

103 2480 211 2569 legum
225 2488 430 2568 persequutor,
458 2489 573 2547 creatus
595 2491 642 2547 est
655 2483 817 2569 imperator
834 2480 980 2547 DCCLII
1001 2502 1081 2546 anno
1103 2479 1141 2545 ab
1156 2480 1210 2545 In·

104 2589 288 2654 carnatione
299 2589 433 2668 Domini,
445 2595 476 2654 et
487 2590 621 2674 regnavit
632 2590 718 2654 annis
730 2586 824 2653 XXX
835 2594 865 2651 et
875 2592 1010 2673 quatuor,
1021 2592 1052 2651 et
1060 2584 1212 2650 mensibus

104 2691 240 2770 duobus,
263 2699 294 2756 et
308 2691 414 2756 diebus
438 2692 559 2757 XXVI.
606 2693 667 2757 Hio
690 2692 814 2777 magicis
836 2692 950 2757 artibus
964 2699 996 2755 et
1010 2690 1165 2755 sacrifieiis
1179 2698 1210 2757 et

103 2795 238 2860 luxuriae
267 2794 388 2859 deditus
410 2793 477 2874 fuit,
508 2794 648 2860 omnibus
671 2794 778 2859 diebus
801 2795 871 2859 vitae
889 2816 961 2859 suae.
1005 2792 1095 2857 Unde
1119 2793 1209 2857 etiarn

102 2896 214 2962 diebus
222 2898 287 2983 ejus
301 2897 396 2963 multa
411 2898 488 2963 mala
496 2898 675 2977 inciderunt,
691 2898 800 2983 quibus
815 2904 915 2962 tamen
931 2896 1025 2981 magis
1036 2897 1210 2961 induratum

102 3004 152 3064 est
167 3020 219 3062 oor
233 2999 298 3085 ejus
322 3022 411 3086 quern
431 2999 606 3065 emollitum.
652 3000 762 3065 Mortis
777 3001 856 3065 enirn
872 2999 1041 3085 pestilentia
1055 3000 1131 3063 lines
1146 3001 1209 3085 ejus

106 3101 231 3180 invasit,
241 3107 272 3164 ot
287 3100 471 3179 Ababalas,†
485 3124 536 3166 rex
550 3103 715 3167 Turoorum
725 3102 963 3187 Mauripilorum,
978 3102 1067 3165 irruit
1081 3102 1115 3165 iu
1129 3102 1209 3164 Airi-

106 3224 176 3267 oam
196 3210 228 3266 et
253 3203 441 3288 Hispaniam,
465 3212 496 3267 et
521 3204 677 3269 transtulit
700 3204 738 3268 ad
761 3226 794 3269 se
817 3204 1017 3291 principatum
1041 3204 1211 3268 Persarum.

103 3304 250 3383 Demum
265 3305 375 3390 impius
392 3307 569 3371 Anastasius
591 3306 759 3391 patriarcha
779 3329 916 3371 evomens
932 3314 1061 3371 stercora
1080 3329 1134 3370 sus
1148 3313 1211 3371 tur-

105 3407 190 3493 piter
211 3408 367 3493 expiravit.

153 3558 216 3623 Per
226 3559 309 3625 idem
328 3567 448 3646 tempus
463 3522 556 3628 stelin
569 3563 751 3629 videbantur
763 3564 866 3629 eadere
881 3563 917 3629 de
932 3562 1016 3644 ooelo,
1032 3571 1067 3629 ut
1082 3564 1212 3630 eredere·

105 3668 159 3726 tur
172 3661 241 3725 fieri
254 3662 318 3728 dies
340 3664 464 3730 Judioii.
508 3664 648 3731 Abubalo
663 3667 807 3731 suecessit
821 3665 961 3745 Abdelas,
977 3667 1030 3752 qui
1053 3688 1135 3732 soora
1149 3668 1214 3732 loca

104 3763 286 3849 profanavit,
302 3773 333 3830 et
347 3767 497 3852 relliquias
512 3770 688 3835 Sanctorum
702 3769 857 3853 dispersit,
872 3776 902 3833 et
916 3770 1099 3834 Christianos
1115 3770 1210 3835 torsit.

156 3968 172 4027 t
193 3967 358 4037 Aruernos]
377 3970 532 4023 sometimes
552 3970 639 4024 called
659 3973 801 4037 Asonssn,
822 3989 851 4025 or
874 3973 1081 4033 Arroni-arran
1105 3969 1139 4021 he
1160 3986 1214 4021 was

104 4050 233 4191 Zopppd
244 4053 281 4123 by
293 4052 339 4107 the
350 4055 484 4110 Arabianus
496 4056 527 4111 oi
535 4058 620 4128 Syria,
633 4074 706 4128 upon
718 4058 764 4112 the
776 4057 860 4112 death
871 4058 902 4111 of
913 4056 1027 4111 Marvaa
1041 4073 1071 4109 or
1082 4055 1211 4121 Mervan,

661 4217 680 4275 9
