3042 5134
337 441 397 503 153
722 440 870 504 baama-n
914 440 1015 504 Nrcar

333 615 398 699 copi
415 615 587 699 Magantini
601 621 631 679 et
645 613 772 679 Abbatis
788 613 889 678 Sancti
905 614 982 678 Galli
998 615 1029 678 in
1052 615 1180 678 Saxonia
1202 615 1252 698 qui
1276 614 1368 678 debet
1382 613 1436 676 im-

332 714 459 796 peratori
473 713 500 776 L
517 712 607 776 millia
622 713 767 796 equitum,
782 713 860 776 inter
875 735 905 775 se
927 718 1137 795 pugnaverunt
1159 735 1212 797 pro
1236 713 1305 776 sede
1329 715 1437 797 prima-

333 824 392 880 tus.
442 815 503 878 Hic
518 816 676 899 imperator
691 815 788 877 adbuc
803 837 876 898 puer
898 816 1017 876 cuidam
1041 813 1145 876 clerico
1160 836 1214 898 pro
1228 814 1335 878 fistula
1350 837 1439 878 aurea

334 919 467 1000 promisit
483 918 697 1000 episcopatum,
713 917 801 993 unde,
818 925 895 1001 post,
912 939 1004 1000 quum
1021 925 1185 999 aegrotaret,
1202 916 1354 980 daemones
1371 939 1438 980 eum

333 1041 401 1080 cum
423 1020 524 1081 fistula
554 1020 708 1101 urgebant.
753 1020 898 1102 Deposito
921 1019 1059 1103 episcopo
1081 1019 1242 1102 imperator
1269 1019 1439 1082 convaluit.

331 1119 463 1183 Dederat
476 1123 637 1205 imperator
651 1122 772 1184 calicem
795 1143 919 1184 aureum
942 1121 1071 1184 ecelesia
1094 1121 1194 1184 Sancti
1216 1121 1376 1184 Laurentii
1398 1119 1434 1182 de

336 1223 545 1287 Wercheburc.
591 1223 660 1292 Quo
674 1231 801 1300 monuo,
814 1231 916 1286 orante
932 1223 1059 1308 quodam
1075 1223 1199 1286 eremita
1213 1223 1331 1286 audivit
1345 1243 1432 1284 voces

335 1325 508 1391 daemonum
521 1325 691 1389 canentium
709 1327 744 1388 In
759 1327 904 1392 sualane:
928 1325 1021 1388 vocati
1033 1345 1151 1388 causam
1165 1324 1269 1408 gaudii
1279 1323 1434 1386 sciscitan-

334 1428 369 1506 ti,
389 1428 425 1491 de
440 1435 534 1492 morte
555 1426 739 1511 imperatoris
756 1425 946 1489 confitentur.
995 1424 1079 1488 Hora
1101 1426 1233 1510 ejusdem
1249 1422 1310 1487 diei
1327 1422 1437 1486 duode-

335 1531 411 1594 cima
425 1530 573 1594 ululantes
587 1551 637 1592 eos
649 1529 681 1592 in
704 1550 770 1591 aere
792 1526 916 1591 audivit.
962 1527 1069 1603 Acciti,
1093 1529 1205 1590 curiam
1227 1527 1304 1591 Jesu
1327 1525 1438 1588 calum-

335 1629 466 1700 niantur,
496 1649 567 1712 pace
588 1633 688 1690 tamen
711 1627 775 1709 ejus
798 1626 947 1708 permissa.
1018 1625 1115 1688 Aiunt
1136 1627 1213 1688 enim
1235 1626 1268 1689 in
1290 1625 1438 1688 conflictu

333 1724 436 1788 habito
467 1725 544 1786 inter
572 1724 694 1806 spiritus
724 1721 835 1785 nudam
858 1721 1005 1806 quendam
1027 1722 1221 1786 Laurentium
1255 1723 1437 1788 semiustum

334 1826 453 1890 calicem
470 1846 593 1888 aureum
608 1831 725 1887 staterae
741 1832 823 1888 tanta
839 1824 867 1886 vi
883 1824 1060 1906 impressise,
1073 1823 1152 1907 quod
1162 1823 1293 1887 landum
1310 1833 1438 1912 cavaret,

333 1935 365 1990 et
379 1928 510 1990 animam
528 1925 660 1989 defuncti
675 1950 692 1990 a
709 1925 796 1989 beato
812 1924 957 1989 Michaele
972 1924 1113 1989 ablatam.
1158 1926 1197 1989 In
1213 1929 1344 1992 crastino
1359 1928 1438 2012 apud

333 2027 536 2092 Wcrcheburc
551 2027 627 2092 calix
641 2027 721 2090 idern
742 2034 862 2091 cavatus
877 2027 1016 2090 inventus
1032 2033 1086 2090 est.

377 2131 444 2195 Hac
458 2136 633 2214 tempestate
646 2130 757 2193 factum
774 2138 818 2192 est
844 2129 918 2193 illud
934 2129 1107 2194 miraculum
1127 2129 1162 2194 de
1178 2131 1369 2197 cantantibus
1384 2156 1436 2218 per

333 2255 443 2297 annum
463 2233 495 2295 iu
517 2233 592 2296 atrio
614 2232 743 2296 ecclesiae
766 2232 867 2295 Sancti
888 2231 994 2314 Magni
1015 2233 1151 2317 martyris
1172 2233 1204 2296 in
1229 2235 1358 2298 Saxonia
1380 2235 1436 2298 sub

333 2334 465 2398 Roberto
479 2333 650 2418 presbytero
674 2333 710 2397 de
725 2333 841 2397 XVIII
857 2333 925 2396 viris
940 2341 970 2397 et
993 2333 1052 2397 XV
1075 2334 1192 2398 leminis
1207 2335 1238 2398 in
1253 2337 1370 2414 chorea,
1388 2335 1436 2399 die

332 2459 367 2500 ac
380 2442 469 2500 nocte
490 2435 700 2499 saltitantibus.
745 2435 889 2504 Quadam
913 2435 1042 2498 venetica
1064 2435 1169 2499 mulier
1182 2436 1215 2499 in
1230 2436 1343 2520 Anglia
1359 2437 1436 2500 exis-

332 2546 398 2602 tens
414 2561 505 2622 quum
521 2546 597 2602 esset
613 2538 751 2601 defuncta
766 2538 836 2600 etin
849 2537 963 2621 lapideo
976 2538 1140 2621 sarcoplrgo
1162 2538 1324 2614 recondita,
1354 2545 1431 2602 cate-

332 2642 436 2723 nisque
448 2641 547 2703 ferreis
557 2646 632 2704 esset
643 2640 743 2723 ligata,
756 2647 787 2703 et
797 2639 851 2702 aL
864 2639 975 2702 clericis
985 2638 1079 2702 tribus
1091 2639 1228 2703 noctibus
1239 2641 1270 2702 in
1280 2639 1435 2703 ecclesiam

330 2743 487 2819 custodita,
510 2744 588 2806 circa
608 2743 792 2826 gallicinium
816 2741 896 2804 velut
918 2742 984 2804 viva
1005 2765 1022 2804 a
1045 2741 1228 2805 daemonibus
1245 2749 1290 2804 est
1316 2742 1434 2819 educta,

333 2845 459 2927 diruptis
489 2845 626 2908 omnibus
655 2845 812 2928 repagulis.
861 2843 992 2918 Quidam
1024 2843 1131 2907 nobilis
1162 2843 1332 2908 adolescens
1363 2845 1436 2907 civis
1519 2879 1520 2932 3

332 2949 494 3024 Romanus,
507 2945 950 3031 desponsatauxore‚eademdie
962 2968 1029 3008 curn
1044 2945 1192 3010 sodalibus
1207 2952 1275 3030 post
1290 2945 1391 3009 cibum
1405 2946 1435 3009 in
1519 2939 1520 2964 ¹

331 3072 435 3133 campo
445 3049 551 3113 ludens
560 3049 703 3113 annulum
715 3049 922 3133 sponsalicium
934 3048 1027 3130 digito
1040 3055 1161 3112 extento
1173 3055 1279 3116 statuae
1286 3042 1436 3139 aeriaequae

332 3156 466 3238 proxime
482 3153 589 3230 stabat,
611 3153 763 3236 imposuit.
787 3151 940 3215 Annulum
957 3158 1025 3234 post
1037 3150 1141 3214 ludum
1158 3159 1302 3235 repetens,
1318 3155 1434 3220 invenit

333 3257 460 3340 digitum
487 3262 593 3319 statuae
622 3277 716 3338 usque
735 3253 772 3316 ad
794 3251 892 3315 volam
919 3259 1082 3328 curvatum,
1108 3253 1188 3316 unde
1211 3277 1265 3320 uec
1287 3259 1433 3321 annulum
1518 3259 1519 3288 ³

333 3358 446 3442 ejicere,
462 3380 517 3420 nec
532 3357 661 3440 digitum
675 3356 810 3438 frangere
825 3357 932 3438 potuit
956 3353 1000 3417 Re
1015 3361 1113 3418 autem
1129 3356 1215 3418 sociis
1231 3357 1333 3435 celata,
1352 3360 1435 3423 domi

332 3460 499 3535 revertitur,
515 3466 606 3521 noctu
621 3479 688 3520 cum
704 3456 824 3520 familiis
846 3456 971 3531 rediens,
994 3463 1147 3518 extentum
1171 3463 1277 3522 statuae
1300 3461 1430 3544 digitum

333 3558 448 3622 invenit
462 3565 493 3621 et
507 3558 649 3621 annulum
662 3557 856 3641 subreptum3
880 3579 1041 3640 quumque,
1057 3557 1129 3620 hora
1144 3558 1282 3635 cubandi,
1300 3585 1331 3625 se
1344 3564 1432 3646 juxta
1517 3627 1518 3636 ,

333 3683 454 3724 uxorem
471 3660 650 3735 collocasset,
668 3660 760 3721 sensit
775 3658 923 3741 quoddam
938 3657 1114 3721 nebulosum
1130 3666 1160 3721 et
1172 3659 1295 3723 densum
1312 3663 1391 3726 inter
1403 3687 1433 3727 se

332 3772 362 3827 et
379 3773 497 3826 uxorem
515 3761 648 3831 volutari,
665 3761 743 3843 quod
758 3766 861 3844 posset
876 3760 987 3836 sentiri,
1004 3759 1054 3822 scd
1070 3760 1189 3822 minime
1205 3761 1306 3825 videri.
1366 3765 1435 3828 Hoc

332 3863 485 3928 obstaculo
508 3864 545 3927 ab
568 3861 706 3945 amplexu
730 3862 865 3944 conjugis
878 3882 992 3944 semper
1009 3859 1174 3944 prohibitus
1198 3868 1252 3938 est,
1270 3884 1304 3926 ac
1330 3887 1434 3930 vocem

331 3967 454 4042 audivit,
487 3965 584 4047 “Ego
611 3986 676 4027 sum
699 3964 812 4038 Venus,
836 3964 920 4048 cujus
946 3961 1040 4044 digito
1069 3963 1236 4045 imposuisti
1266 3966 1432 4031 annulum:

333 4068 426 4133 habeo
440 4068 534 4145 illum,
550 4088 605 4130 nec
619 4064 759 4129 reddam:
783 4087 896 4128 mecum
914 4061 1084 4141 concumbe,
1109 4063 1178 4146 quia
1200 4085 1246 4127 me
1262 4065 1351 4131 hodie
1367 4069 1432 4134 des-
