3042 5134
307 546 368 606 lea
717 543 866 610 Ranuurr
887 543 991 612 Nronr

308 717 433 780 maxima
449 717 627 793 Scottorum,
652 738 718 799 quae
741 739 777 780 ex
803 718 858 782 alia
880 723 964 801 parte
988 717 1127 781 acerrime
1143 718 1306 804 pugnabat,
1330 721 1409 806 fugae
1513 797 1514 800 Ἴ

303 821 437 890 indulsit.
482 824 601 908 Regalis
620 825 694 888 acies
716 825 774 889 hoc
795 826 908 904 videns,
930 825 1062 910 primum
1093 827 1267 912 singillatim
1296 838 1404 914 postea
1513 817 1514 822 ἵ

304 928 474 990 catervatim
489 949 559 1010 rege
570 927 629 1010 jam
646 927 709 990 solo
724 928 900 1010 persistente
915 928 1068 1010 fugerunt,
1085 936 1114 992 ct
1129 949 1179 993 rex
1195 930 1318 994 consilio
1335 934 1407 996 ami·
1513 989 1514 992 ,

305 1051 407 1093 corum
422 1041 506 1114 terga
519 1030 609 1093 dedit.
656 1029 806 1093 Undecim
832 1030 925 1094 millia
947 1030 1116 1094 Scottorum
1139 1031 1312 1098 occiderunt
1325 1041 1410 1097 extra

304 1154 354 1194 eos
369 1133 421 1214 qui
435 1133 467 1194 in
481 1131 631 1216 segetibus
646 1139 675 1194 et
690 1131 770 1194 silvis
785 1133 897 1195 inventi
907 1138 978 1194 sunt
990 1133 1144 1216 perempti,
1156 1155 1250 1217 pauco
1260 1135 1409 1218 sanguine

308 1234 472 1317 Auglorum
494 1233 570 1298 fuso.
592 1234 695 1297 Frater
717 1233 863 1296 Gileberti
885 1233 922 1296 de
943 1233 1017 1297 Laci
1037 1233 1081 1296 ibi
1102 1233 1185 1298 solus
1206 1256 1241 1298 ex
1266 1234 1409 1300 omnibus

307 1334 457 1418 equitibus
471 1337 586 1398 occisus
600 1342 655 1398 est.

342 1440 432 1501 Anno
455 1438 620 1502 Dominicae
639 1437 848 1500 iucarnationis
872 1435 1028 1499 millesimo
1051 1436 1269 1515 CXXXVIII,
1294 1439 1346 1523 qui
1362 1445 1408 1502 est

302 1540 407 1604 tertius
421 1542 505 1623 regni
519 1540 597 1624 regis
608 1539 760 1622 Stephani,
776 1537 923 1634 intestinis
939 1538 1066 1602 dissidiis
1085 1538 1195 1623 Anglia
1206 1538 1406 1624 quatiebatur.

304 1641 396 1705 Multi
416 1641 561 1725 siquidem
583 1664 657 1725 quos
678 1639 816 1704 nobilitas
838 1641 953 1724 generis
974 1641 1022 1704 vel
1044 1641 1219 1725 magnitudo
1242 1642 1334 1706 animi
1358 1643 1407 1705 vel
1513 1693 1514 1716 ,

303 1743 448 1808 viridioris
463 1743 560 1807 aetatis
574 1743 696 1807 audacia
711 1743 747 1807 ad
761 1743 864 1806 illicita
878 1742 1090 1828 praecipitabat,
1106 1767 1123 1806 a
1139 1766 1218 1828 rege,
1234 1744 1266 1807 hi
1281 1744 1405 1829 praedia,

302 1845 334 1908 hi
360 1844 488 1917 castella,
510 1851 659 1929 postremo
688 1867 872 1928 quaecuuque
894 1843 983 1908 semel
1014 1845 1198 1908 collibuisset
1216 1853 1317 1930 petere
1340 1869 1405 1910 non
1456 1883 1459 1886 ·

302 1945 488 2010 verebantur.
535 1944 615 2019 Quae
630 1968 722 2030 quum
744 1945 794 2009 ille
818 1946 885 2009 dare
902 1945 1043 2023 differret,
1065 1947 1110 2009 illi
1133 1947 1275 2010 continuo
1299 1953 1407 2010 contra
1513 1959 1514 1990 ⁴

303 2048 421 2113 castella
435 2047 636 2126 obfirmantes,
651 2048 764 2132 praedas
778 2049 914 2130 ingentes
928 2070 964 2110 es
979 2048 1042 2132 ejus
1056 2048 1138 2111 terris
1155 2048 1293 2132 agebant.
1335 2049 1406 2112 Nec

304 2172 371 2214 vero
385 2151 436 2215 ille
450 2151 614 2235 aliquorum
636 2150 800 2214 defectione
821 2149 1012 2234 frangebatur
1027 2149 1136 2226 animo,
1159 2151 1211 2213 sed
1234 2149 1322 2214 modo
1343 2150 1405 2228 hic,
1513 2191 1514 2210 t

301 2253 390 2316 modo
418 2253 489 2330 illic,
511 2252 628 2316 subitus
650 2252 758 2329 aderat,
781 2275 869 2336 super
891 2275 946 2316 suo
967 2253 1062 2336 magis
1088 2275 1177 2336 quam
1199 2253 1403 2316 resistentium

302 2355 410 2417 damno
438 2376 501 2417 rem
530 2353 713 2418 conficiebat.
767 2351 879 2418 Multis
908 2361 938 2417 et
966 2355 1081 2437 magnis
1103 2353 1256 2418 laboribus
1285 2354 1348 2416 suis
1369 2354 1404 2417 in

303 2477 419 2519 cassum
439 2455 551 2534 effusis,
574 2456 650 2519 datis
674 2455 719 2519 vel
739 2455 903 2520 honoribus
932 2455 978 2519 vel
1008 2454 1145 2530 castellis,
1168 2455 1335 2519 simulatam
1364 2455 1406 2520 ad

305 2533 438 2643 tempbra
450 2580 552 2643 pacem
566 2558 602 2623 ab
617 2557 675 2621 illis
690 2556 880 2642 promerebat.
920 2558 1015 2621 Ilraut
1029 2558 1072 2621 illi
1087 2557 1228 2622 avidiores
1244 2557 1281 2621 ad
1296 2563 1405 2640 petun-

303 2658 374 2724 dum
390 2669 420 2725 et
433 2662 460 2725 is
476 2662 621 2746 profusior
635 2661 671 2724 ad
681 2660 812 2724 dandum
821 2687 830 2738 3
848 2660 927 2743 quod
942 2660 1019 2724 fama
1034 2682 1086 2744 per
1102 2659 1245 2742 Angliam
1259 2658 1405 2724 volitabat
1513 2737 1514 2740 Ἴ

303 2762 385 2844 quod
407 2785 505 2827 eomes
528 2763 715 2826 Gloccestriae
738 2761 895 2838 Robertus,
926 2763 978 2845 qui
1007 2767 1069 2825 erat
1096 2762 1130 2824 in
1151 2761 1347 2837 Normannia,
1369 2761 1404 2825 in
1513 2811 1514 2814 η

302 2864 437 2947 proximo
452 2871 550 2948 partes
576 2865 682 2927 sororis
707 2863 784 2927 foret
806 2864 962 2948 adjuturus
974 2890 983 2942 ;
1007 2885 1075 2947 rege
1096 2869 1196 2926 tamen
1217 2863 1305 2926 modo
1332 2868 1404 2926 ante

301 2964 448 3028 diffidato.
478 2966 551 3028 Post
565 2966 762 3028 Pentecosten
786 2965 882 3028 missis
905 2987 922 3027 a
944 2963 1130 3028 Normannia
1152 2963 1212 3027 suis
1232 2963 1296 3047 regi
1317 2985 1402 3028 more

302 3068 446 3151 majorum
462 3067 622 3131 amicitiam
638 3073 669 3130 et
683 3066 773 3130 fidem
788 3066 951 3143 interdixit,
975 3065 1117 3150 homagio
1139 3065 1228 3142 etiam
1244 3064 1403 3144 abdicato;

300 3170 380 3252 quod
395 3176 425 3232 et
439 3191 491 3232 rex
510 3169 610 3234 illicite
633 3169 670 3233 ad
691 3191 816 3253 regnum
839 3168 1017 3252 aspiraverat
1040 3174 1069 3230 et
1092 3189 1211 3231 omnem
1234 3167 1329 3230 fidem
1345 3167 1402 3232 sibi

297 3273 427 3356 juratam
442 3270 619 3356 neglexerat,
639 3293 675 3334 ne
689 3271 786 3334 dicam
801 3271 943 3334 mentitus
958 3270 1063 3333 fuerat.
1120 3267 1189 3332 Rex
1203 3291 1286 3353 aegre
1300 3269 1402 3334 ferens
1513 3275 1514 3354 J

299 3374 416 3437 comitis
432 3374 705 3458 magnanimitatem
727 3372 865 3436 omnibus
888 3395 957 3436 eum
979 3371 1213 3456 possessionibus
1236 3373 1268 3434 in
1285 3372 1398 3456 Anglia

297 3477 423 3561 privavit
444 3484 474 3539 et
496 3475 631 3559 quaedam
653 3476 716 3559 ejus
737 3475 854 3539 castella
870 3475 1078 3559 complanavit.
1126 3473 1229 3538 Solum
1256 3474 1403 3541 Baistoue

299 3578 438 3642 remansit
454 3585 488 3642 ut
503 3600 563 3641 non
578 3579 675 3641 solum
691 3578 792 3641 hostes
814 3577 843 3642 vi
858 3579 1010 3662 repelleret
1034 3578 1084 3641 sed
1108 3577 1195 3640 etiam
1220 3576 1332 3642 crebris
1355 3579 1401 3641 in·
1513 3595 1514 3640 t

303 3680 488 3745 cursionibus
501 3680 647 3764 fatigaret.

320 3786 431 3848 anno
454 3783 618 3848 Domiuieae
647 3783 856 3846 incarnationis
879 3782 1148 3854 MCoXXXoIXo,
1168 3780 1340 3846 ferebantur
1368 3783 1401 3846 in
1513 3781 1514 3840 t

301 3881 410 3965 Anglia
424 3901 558 3944 rumores
574 3887 732 3943 venturum
749 3880 966 3943 eNormannia
988 3879 1128 3943 comitem
1146 3876 1318 3942 Robertum
1332 3900 1399 3942 cum

300 4006 397 4048 sorore
416 3983 610 4066 imperatrice.
657 3981 725 4051 Qua
740 4005 791 4066 spe
807 4005 900 4066 quum
913 3983 1000 4046 multi
1010 4005 1027 4045 a
1038 4003 1106 4066 rege
1120 4003 1179 4044 non
1193 3981 1291 4044 solum
1303 3983 1401 4045 animo

298 4085 349 4149 sed
365 4092 395 4148 et
409 4085 487 4148 facto
502 4083 671 4159 deficerent,
686 4084 786 4168 plures
801 4107 854 4168 pro
870 4085 931 4148 sola
946 4084 1113 4168 suspicione
1135 4083 1315 4148 diversarum
1331 4106 1400 4147 con·
1513 4069 1514 4078 ἵ

297 4195 342 4251 tra
358 4209 389 4250 se
404 4187 533 4272 partium
548 4187 580 4250 iu
594 4187 674 4250 curia
689 4193 792 4250 contra
807 4186 896 4251 decus
911 4187 1026 4271 regium
1043 4191 1144 4270 captos
1160 4191 1189 4248 et
1204 4184 1242 4248 ad
1257 4183 1399 4250 redditio·
1513 4199 1514 4262 ,
