3042 5134
523 533 714 632 0111111111
738 561 765 630 Ι.
930 606 933 612 -
1153 562 1197 627 18

92 743 210 823 luisset,
225 743 258 808 in
273 745 388 808 tantam
403 737 577 804 coaluerunt
593 743 723 822 gentem,
739 742 775 802 ut
794 741 872 800 esset
885 734 1025 802 omuibus
1045 736 1200 802 formidini

92 855 123 912 et
145 847 256 912 timori.
301 843 392 908 Unde
413 842 508 927 pretio
531 841 577 904 sui
600 841 752 925 sanguinis
775 863 793 903 a
813 838 927 903 tributo
949 840 1049 918 soluti,
1079 840 1197 904 nullum

93 949 220 1013 ulterius
234 945 362 1031 vectigal
376 945 492 1010 solvere
511 943 680 1008 voluerunt.
725 943 793 1006 Nec
814 942 874 1007 init
892 943 1051 1026 quisquam
1072 943 1124 1027 qui
1147 965 1197 1007 eos

93 1051 161 1135 jnre
175 1049 248 1114 belli
269 1054 369 1134 posset
390 1047 522 1132 redigere
546 1045 601 1110 sub
621 1046 695 1130 jugo
715 1044 831 1110 tributi.
890 1045 1134 1110 Marchomenide
1148 1046 1198 1109 de·

93 1153 210 1230 functo,
226 1150 456 1214 Pharamnndus
471 1148 594 1213 Francis
608 1148 782 1232 praeficitur.
1147 1168 1154 1181 ⁸

137 1254 360 1340 Imperantihus
375 1275 445 1318 vero
466 1252 677 1316 Valentiniano
701 1259 731 1314 et
751 1251 888 1330 Valente,
904 1257 1019 1316 creatus
1040 1258 1086 1315 est
1104 1251 1197 1336 impe-

93 1367 175 1425 rator
194 1359 352 1425 Ambianis
367 1360 530 1440 Granius,‡
546 1359 628 1422 filius
648 1358 860 1423 Valentiniani.
906 1358 964 1423 Sed
988 1358 1198 1422 Valentiniano

96 1464 251 1542 defuncto,
267 1463 367 1530 leo
389 1485 468 1527 anno
490 1462 606 1546 imperii
629 1462 675 1525 sui
694 1463 804 1526 milites
826 1461 923 1527 Italiae
946 1461 1199 1540 Valentinianum,

41 1569 47 1574 ’
94 1565 197 1632 filium
220 1589 307 1631 suum
330 1573 477 1642 tenerum,
493 1566 701 1650 imperatorem
721 1566 864 1643 lecerunt,
879 1564 1089 1649 superstitibus
1103 1564 1202 1629 adhuc

95 1669 211 1734 Granio
240 1669 330 1733 fratre
363 1669 428 1754 ejus
457 1674 488 1732 11
516 1668 664 1731 avunculo
684 1669 748 1754 ejus
777 1668 914 1731 Valente.
960 1667 1071 1732 Valens
1096 1667 1200 1752 igitur,

96 1771 162 1834 Deo
197 1769 326 1849 odibilis,
365 1793 432 1833 cum
469 1770 628 1854 nepotibus
666 1771 736 1848 suis,
772 1779 902 1854 quatuor
935 1771 1021 1834 annia
1055 1765 1215 1855 regnavit.¹

100 1873 205 1952 Porro,
218 1893 327 1957 parvus
342 1873 572 1936 Valentinianus
587 1881 674 1936 natus
689 1872 748 1936 luit
760 1874 800 1937 de
814 1873 835 1937 J
836 1875 936 1938 ustina
950 1874 1070 1939 Ariana.
1116 1875 1204 1950 Qum,

97 1976 218 2042 vivente
229 1976 346 2052 ma'rito,
357 1975 431 2039 nihil
446 1997 515 2038 ausa
531 1982 577 2038 est
591 1985 694 2039 contra
709 1976 887 2040 Catholicos
933 1977 980 2042 Eo
991 2000 1060 2041 vero
1074 1985 1203 2060 mortuo,
1310 2049 1313 2054 ,

95 2101 237 2162 aggressa
252 2083 297 2141 cst
311 2078 513 2154 Ambrosium,
524 2085 554 2142 et
568 2079 665 2142 lilium
680 2101 769 2143 111111
789 2080 987 2144 inflammavit
999 2087 1104 2145 contra
1119 2103 1200 2161 cum,

95 2185 128 2244 et
155 2186 262 2244 contra
287 2180 359 2244 alios
384 2181 563 2244 Catholicos.
610 2181 734 2245 interim
761 2182 875 2245 Valens
898 2182 931 2245 in
954 2183 1078 2248 Oriente
1101 2185 1205 2250 multis

98 2282 380 2366 persequutionibus
412 2283 503 2360 saevit,
535 2291 566 2346 11
596 2283 765 2368 pastoribus
795 2285 918 2348 11111111
947 2286 1094 2350 ecclesias.
1140 2287 1202 2352 Sed

100 2393 203 2469 postea
217 2410 236 2450 a
253 2383 364 2450 Sancto
379 2385 490 2450 Rasilic
506 2385 646 2450 delinitus
661 2393 716 2463 est,
727 2392 757 2450 et
768 2387 907 2451 visitatus
921 2394 1017 2452 morte
1031 2389 1097 2465 filii,
1115 2413 1206 2473 quem

97 2488 170 2553 fecit
184 2487 331 2572 baptizari
347 2489 384 2552 ab
400 2489 528 2567 Arianis,
545 2496 575 2553 11
590 2487 626 2552 de
641 2490 812 2573 egritudine
835 2491 936 2554 uxoris
954 2512 1025 2554 suae.
1080 2490 1203 2557 Oblitus

97 2613 169 2655 vero
183 2591 330 2655 doctrinm
340 2591 453 2671 Basilii,
464 2597 558 2676 quum
573 2592 662 2657 vellet
677 2593 774 2658 edicta
788 2593 876 2657 noxia
890 2593 1051 2658 Catholicis
1066 2593 1203 2674 scrihere,

101 2693 292 2758 nullomodo
308 2695 408 2779 potnit
428 2695 573 2759 calamum
595 2702 696 2780 aptare
705 2724 714 2774 ;
738 2696 819 2763 unde
838 2697 930 2761 etiam
949 2697 1083 2762 chartam
1104 2699 1200 2783 rupit,

99 2795 151 2859 sed
168 2802 272 2860 111111
286 2818 347 2860 111
363 2797 399 2860 ab
414 2797 519 2862 haeresi
534 2799 660 2862 omnino'
671 2800 795 2882 quievit.

141 2897 264 2968 Quarto
279 2897 393 2963 decimo
408 2923 487 2964 anno
502 2899 617 2984 iinperii
634 2902 690 2979 sui,
707 2908 835 2986 quatuor
857 2908 960 2986 gentes
979 2903 1206 2969 insurrexerunt

97 3002 135 3074 ei,
151 3001 264 3086 quibus
278 3009 425 3086 praeerant
440 3003 530 3068 duces
546 3003 606 3068 duo
620 3005 790 3069 Fridaricus
805 3012 836 3068 et
858 3005 1022 3083 Atholicus,
1039 3007 1092 3090 qui
1112 3029 1206 3091 quum

99 3112 204 3188 postea
227 3103 442 3183 discordarent,
465 3105 577 3170 Valens
607 3107 678 3200 tulit
706 3129 794 3190 opem
823 3107 972 3186 Athulico,
996 3108 1049 3192 qui
1073 3117 1104 3172 et
1132 3109 1206 3174 vicit

95 3206 301 3271 Fredericum.
348 3207 449 3292 Hujus
477 3208 571 3292 igitur
596 3207 732 3273 beneficii
759 3209 854 3292 gratia
878 3211 1030 3292 petierunt
1059 3209 1116 3273 sihi
1142 3211 1207 3275 dari

99 3309 287 3395 episcopum.
334 3310 455 3380 Quibus
480 3310 590 3374 Valens
613 3311 696 3374 dedit
723 3311 877 3374 Wuliilam
902 3313 1058 3390 Arianum,
1081 3313 1133 3395 qui
1156 3335 1207 3377 111

99 3435 191 3498 pravo
207 3411 341 3477 incendit
358 3413 507 3497 dogmate.
552 3414 660 3477 Postea
675 3435 744 3477 vero
759 3413 848 3477 iidem
865 3413 959 3477 Gothi
981 3402 1208 3493 rebellaverunt,

98 3515 210 3599 quibus
223 3537 316 3599 quum
332 3521 499 3579 occurreret
513 3515 634 3593 Valens,
645 3515 744 3579 victus
759 3521 856 3592 11111
870 3516 1072 3600 deprehensus
1088 3517 1210 3601 lugiens

96 3616 134 3680 ab
165 3616 314 3696 hostibus,
352 3619 385 3681 in
414 3617 517 3682 villula
548 3617 676 3701 quadam
707 3619 773 3702 igni
802 3625 1000 3704 consumptus
1034 3626 1090 3698 est,
1125 3621 1209 3706 justo

100 3719 159 3785 Dei
172 3719 301 3806 judicio.

154 3823 234 3888 Post
249 3829 369 3888 1111111
384 3825 550 3908 tropheum
567 3825 691 3908 [Gothi]
707 3832 850 3910 ceperunt
862 3825 1018 3890 Thraciam
1030 3831 1061 3890 11
1074 3827 1210 3891 Daciam.

100 3925 178 3991 Inde
208 3925 282 3990 dum
312 3927 463 3992 lhiderico
497 3927 632 3992 Alaricus
665 3929 863 4005 successisset,
886 3949 955 3991 cum
984 3927 1151 3991 Stilichone
1180 3935 1212 3991 et

137 4178 151 4235 1
169 4174 312 4243 Guaurus]
325 4175 368 4226 An
386 4192 467 4238 error,
484 4175 526 4226 for
540 4175 712 4240 Gnarrnups.
758 4174 871 4227 Gratian
884 4171 1006 4224 received
1019 4171 1064 4222 the
1078 4188 1211 4240 agnomen
1338 4201 1341 4206 ·

100 4261 130 4312 ol
137 4261 343 4314 decantemus
356 4262 399 4314 for
417 4263 458 4314 his
471 4280 606 4316 successes
620 4263 724 4331 against
737 4261 782 4314 the
795 4263 971 4333 Germane-or
984 4262 1120 4312 Aturrus.
