3042 5134
525 454 776 546 Caaonrcoull.
1145 455 1205 546 1⁷1

101 645 276 712 trimoniurn
302 665 371 708 cum
395 642 566 708 hereditate
592 650 725 726 paterna.
781 643 843 714 Qui
867 645 976 728 gennit
994 669 1031 710 ex
1054 665 1089 712 ea
1111 647 1208 714 filium

102 771 212 819 nomeu
226 769 317 813 suum
330 768 400 810 cnm
414 746 574 830 agnomine
586 746 616 810 oi
630 747 796 828 imponens.
1208 788 1210 792 .

145 850 363 915 MoOLXVlo.
387 849 451 914 Rex
474 849 624 914 Henricus
642 849 679 912 ΙΙ
701 870 804 913 omnes
828 849 937 914 milites
957 852 1056 936 jurare
1076 851 1148 916 lecit
1170 859 1205 916 ut

101 960 177 1036 quot
193 953 322 1016 militum
331 953 400 1036 jura
412 973 467 1014 seu
479 950 566 1016 feoda
582 951 786 1034 unusquisque
800 951 918 1016 illorum
935 951 1091 1031 obtineret,
1108 953 1205 1038 palam

101 1052 240 1132 ediceret,
267 1055 369 1118 volens
386 1061 420 1116 ut
440 1074 496 1138 pro
510 1052 666 1116 feodorum
681 1074 804 1116 numero
819 1055 937 1117 servitia
959 1055 1089 1120 militurn
1109 1055 1206 1139 exige·

103 1164 207 1220 rentur
223 1183 229 1219 :
252 1156 333 1240 quod
348 1168 426 1220 stare
441 1177 503 1218 non
517 1155 624 1240 potuit

148 1258 361 1324 Mcuxvuo.
398 1256 563 1342 Imperator
588 1257 777 1321 Frethericus
806 1233 1011 1322 schismaticus
1040 1260 1203 1324 exercitum

102 1360 255 1444 copiosum
270 1361 309 1424 ad
325 1361 489 1424 Romanam
503 1360 606 1424 urbem
622 1382 717 1443 usquc
732 1359 879 1443 perduxit.
903 1361 959 1424 Sed
978 1361 1090 1426 ultione
1105 1361 1205 1426 divina

104 1461 269 1547 Reginuldo
281 1462 452 1526 Coloniensi
466 1462 696 1547 archiepiscopo,
711 1468 742 1524 et
757 1461 941 1546 Magantino
957 1461 1084 1542 intruso,
1095 1463 1203 1528 Leodi·

100 1565 184 1629 censi
202 1571 233 1628 et
250 1564 623 1649 Ratisponcnaiepiscopis,
640 1564 692 1648 qni
700 1564 819 1627 lucrant
833 1564 1017 1650 imperatoris
1033 1565 1205 1650 consiliarii,

102 1675 196 1732 morte
218 1669 374 1751 percussis,
400 1673 431 1744 et
451 1667 596 1730 exercitus
617 1665 812 1730 multitudine
832 1689 892 1730 nou
918 1689 1018 1751 parva,
1043 1667 1202 1752 imperator
1229 1749 1231 1753 Ι

103 1769 246 1834 confusus
261 1767 411 1832 abscessit

147 1871 399 1937 MoOLXVIIlo.
445 1872 510 1936 lter
533 1872 685 1936 Henricus
701 1872 736 1935 ΙΙ
752 1871 835 1936 dedit
857 1872 950 1937 liliam
970 1896 1054 1938 suam
1069 1870 1202 1936 Henrico

102 1975 173 2039 duci
187 1975 347 2046 Saxonum,
368 1997 456 2058 quarn
478 1975 510 2038 in
529 1975 686 2038 Saxoniam
705 1974 893 2038 deduxerunt
908 1974 965 2038 viri
979 1975 1102 2053 nobiles,
1124 1973 1202 2037 scili·

101 2084 149 2140 cet
164 2076 344 2140 Willielmus
359 2086 459 2140 comes
472 2077 640 2141 Suthsexiae
655 2083 685 2139 et
698 2075 934 2141 Haruudelensis
951 2099 1050 2141 comes
1066 2083 1095 2140 et
1111 2075 1201 2158 Regi·

102 2179 209 2244 ualdus
222 2201 322 2244 comes
339 2177 529 2256 Warrerrniae,
545 2201 612 2244 cum
628 2177 851 2263 incomparabili
867 2178 1073 2263 suppellectite
1093 2176 1203 2240 tamin

103 2280 234 2344 vestibus
260 2288 290 2344 et
301 2281 378 2346 vasis
399 2281 535 2364 pretiosis
554 2303 641 2365 quarn
665 2280 699 2343 in
719 2302 791 2344 auro
814 2286 845 2343 et
865 2287 998 2364 argento.
1044 2277 1121 2344 Haec
1143 2277 1203 2342 fuit

103 2391 197 2448 mater
210 2383 339 2447 Othonis
355 2385 432 2469 regis
447 2384 641 2448 Alamanniae.
659 2383 733 2446 Obit
749 2382 850 2447 Guido
864 2381 1033 2446 Oremeusis
1052 2379 1200 2464 antipapa,

101 2487 133 2550 in
150 2486 236 2570 cujus
259 2486 325 2549 loco
339 2486 415 2550 alter
430 2509 481 2571 per
495 2487 701 2569 imperatorem
724 2485 930 2549 Frethericum
953 2484 1132 2568 subrogatus
1147 2489 1202 2546 est.

102 2587 201 2658 Quem
228 2589 318 2652 etiam
341 2587 378 2653 ad
402 2589 566 2653 Romanam
589 2586 695 2652 urbem
710 2609 804 2672 usque
822 2588 959 2672 perduxit
980 2595 1010 2652 et
1028 2587 1061 2650 in
1079 2584 1201 2650 ecelesia

100 2689 301 2774 apostolorum
316 2689 459 2754 violenter
473 2689 636 2754 collocavit.
673 2689 745 2764 Quo
760 2691 794 2753 in
805 2690 912 2784 eadem.
921 2689 1023 2753 relicto
1038 2689 1075 2752 de
1090 2709 1199 2772 magna

103 2791 298 2856 multitudine
318 2792 453 2876 pluribus
468 2793 529 2857 lere
545 2815 637 2876 usqne
652 2793 689 2856 ad
704 2793 785 2857 mille
799 2793 877 2858 viros
892 2814 959 2856 cum
983 2791 1127 2877 episcopis
1150 2789 1202 2874 qui

103 2915 171 2958 cum
197 2893 239 2956 eis
252 2902 395 2958 venerant
411 2895 524 2959 ultione
540 2894 638 2958 divina
653 2895 807 2978 prostratis
821 2895 979 2980 imperator
994 2915 1061 2958 cum
1082 2891 1203 2976 reliquis

104 2995 250 3059 contusus
265 2994 415 3060 abscessit.
1083 3005 1085 3009 ⁴

144 3097 362 3162 MoOLXIXo.
394 3098 562 3164 Alexander
584 3101 666 3184 Papa
688 3100 807 3164 vinculo
831 3101 1025 3165 anathematis
1047 3096 1203 3162 innodavit

103 3200 355 3285 archiepiscopum
370 3201 585 3266 Eboracensem
602 3203 762 3288 Rogemm,
776 3203 1014 3268 Londoniensem
1024 3201 1202 3277 Gilbertum,

103 3302 274 3366 docelinum
289 3303 536 3389 salesberiensem
544 3304 691 3370 Hilarium
704 3301 882 3370 cistrensem
896 3307 1065 3390 episcopum
1082 3302 1135 3387 qui
1146 3301 1202 3366 sub

100 3405 206 3469 eodem
229 3406 388 3470 schismate
409 3407 535 3492 paralysi
554 3429 711 3492 percussus
734 3407 829 3471 vitam
843 3407 951 3484 linivit,
968 3430 1002 3471 eo
1017 3406 1098 3490 quod
1113 3404 1200 3469 beato

98 3506 223 3571 ‘Phornae
247 3508 380 3573 exulanti
403 3516 433 3572 et
445 3510 619 3595 justissimae
633 3511 697 3594 ejus
717 3532 813 3574 causae
839 3509 1076 3581 aduersabantur.
1128 3507 1201 3572 Duo

99 3608 194 3692 igitur
215 3608 315 3692 legati,
331 3610 492 3675 Gratianus
507 3611 643 3675 videlicet
657 3618 688 3674 et
712 3611 867 3688 Viviauus,
883 3635 900 3674 a
924 3611 1044 3675 domiuo
1066 3633 1142 3695 papa
1157 3633 1201 3674 se-

99 3710 190 3774 cundi
214 3711 313 3774 nuntii
331 3713 510 3790 missisunt,
528 3720 561 3776 ut
575 3713 635 3776 illis
649 3713 901 3777 intercedentibus
923 3713 1070 3777 {leundas
1089 3712 1125 3776 II
1148 3735 1200 3776 rex

101 3812 270 3896 Anglorum
290 3815 326 3878 ad
349 3832 476 3878 amorem
499 3815 710 3900 archiepiscopi
729 3816 854 3880 Thomas
876 3816 1053 3880 flecteretur.
1110 3814 1200 3878 Oum-

102 3913 253 3999 positioue
266 3938 336 3978 vero
351 3914 387 3978 ad
404 3916 481 4000 regis
495 3915 614 3982 libitum
629 3917 716 3994 iacta,
733 3923 924 3982 retractantes
937 3938 1035 3981 secum
1052 3916 1200 4000 diligenti-

104 4039 139 4080 us
154 4005 277 4080 modum
293 4017 438 4100 pactionis
451 4018 542 4104 legati
556 4019 648 4084 altera
662 4020 710 4084 die
725 4020 884 4084 voluerunt
899 4026 1014 4083 mutare
1028 4023 1179 4082 contracta
1193 4044 1200 4082 :

103 4117 183 4191 uude
204 4139 255 4183 rex
270 4119 472 4187 vehementius
486 4121 525 4187 ad
538 4121 721 4188 iracundiam
734 4123 902 4190 concitatus
917 4128 962 4186 est
970 4147 979 4200 ;
995 4120 1068 4184 adeo
1083 4127 1118 4186 ut
1136 4119 1205 4205 ipsc
