3042 5134
329 517 370 584 tt
729 519 877 592 Rasum
897 521 1014 590 Naum.

373 693 518 760 Silvestre
537 695 679 762 successit
697 695 831 778 Maccus,
845 705 878 762 et
896 697 1051 777 eilulius,
1066 697 1119 782 qai
1141 703 1219 762 suaa
1236 697 1357 780 sedena,
1373 723 1431 766 aaa

329 794 467 861 interfuit
489 799 614 864 concilio
636 807 757 886 propter
785 800 984 866 infirmitatem
1011 800 1194 867 umectata:
1225 803 1310 868 sumt
1330 805 1432 870 autem

329 895 446 984 legatus
459 899 566 966 Jutnm
582 908 613 967 et
628 901 831 968 vincentium

374 999 555 1067 Floruemnt
569 1025 607 1068 eo
618 1009 752 1090 tempore
763 1005 855 1070 (bins
864 1005 1079 1085 Cordubensis,
1088 1005 1432 1094 Dombaenalbrens'n,

330 1101 482 1171 Maximus
491 1105 684 1186 ammanus,
694 1108 855 1173 Nectarius
868 1109 1059 1188 Viennensis,
1068 1109 1218 1175 llmbins
1228 1109 1430 1190 ffimrkmm,

328 1205 429 1272 Remis
444 1209 739 1295 Augustuduremis,
751 1212 919 1277 umanum
932 1213 1108 1300 AEgyptius,
1117 1213 1279 1300 Cupertius
1292 1215 1429 1279 Aurelia

329 1309 439 1390 nensis,
455 1311 510 1396 qui
520 1311 619 1379 indice
633 1313 773 1379 columba
785 1315 939 1380 ordinatus
954 1325 1014 1386 est.

372 1414 503 1481 Domum
518 1425 634 1483 mortua
649 1417 777 1497 lldcna,
792 1418 999 1498 Constantina,
1013 1419 1080 1485 filia
1091 1420 1165 1506 ejus,
1183 1420 1288 1486 relicta
1308 1419 1429 1502 licinii,

327 1517 482 1584 familiaris
501 1521 586 1586 fratri
614 1543 679 1600 suo,
702 1539 797 1606 quum
817 1529 848 1586 ct
876 1522 944 1608 ipsa
969 1530 1144 1602 moreretur,
1165 1523 1341 1588 familiarem
1371 1523 1432 1589 arbi

328 1621 509 1690 sacerdotem
538 1624 698 1688 Arrianum
728 1624 837 1689 obnixe
865 1625 1085 1690 commendavit
1111 1627 1195 1692 frati
1224 1649 1291 1706 suc,
1314 1627 1369 1712 qui
1396 1628 1429 1692 iu

326 1730 441 1787 tantam
460 1724 584 1809 gratiam
600 1726 745 1792 admissus
759 1734 814 1806 est,
830 1734 866 1792 nt
883 1729 948 1814 ejus
967 1729 1111 1794 instantia
1130 1735 1319 1794 muccaretnr
1337 1729 1429 1793 Arius

327 1824 364 1889 de
384 1826 481 1904 exilio,
497 1828 602 1893 iterato
625 1837 725 1894 tamen
747 1831 881 1895 Concilio
898 1830 1075 1896 audiendus.
1118 1831 1225 1896 bidem
1246 1832 1327 1899 enim
1342 1855 1427 1896 suam

328 1931 541 2015 conscripserat
569 1933 691 1998 omnino
713 1932 785 1998 fidei
806 1939 926 2012 nostrae,
948 1957 1003 2019 per
1028 1933 1118 1998 verba
1143 1957 1315 2012 musonem,
1335 1941 1368 1998 et
1396 1935 1427 1998 in

325 2053 441 2097 summa
476 2035 663 2100 cambarium.
705 2035 781 2100 Non
813 2036 949 2100 relaxans
981 2042 1084 2100 tamen
1111 2037 1202 2101 ammi
1236 2037 1427 2116 sententiam,

324 2145 485 2224 imperator
505 2140 634 2205 decrevit
651 2141 778 2206 coneilio
796 2141 887 2205 fidem
910 2163 975 2205 esse
993 2140 1182 2226 probandam
1194 2142 1275 2226 apud
1296 2143 1426 2207 Alexam

324 2241 417 2306 driam
446 2243 524 2307 inter
552 2244 685 2308 conscios
713 2243 865 2308 fraudium
886 2266 1017 2322 suarum,
1042 2243 1177 2308 CXXII.
1220 2245 1264 2309 Et
1292 2245 1321 2309 L
1346 2267 1425 2310 anno

323 2344 440 2431 imperii
461 2349 507 2412 sui
529 2355 666 2412 mortuns
695 2357 740 2412 est
768 2348 944 2432 Imperator.
988 2348 1031 2412 nt
1060 2349 1287 2426 testamentum,
1307 2349 1339 2412 in
1366 2371 1425 2434 quo

324 2449 534 2516 Constantium
553 2451 650 2516 filium
674 2472 762 2515 suurn
781 2450 927 2514 haeredem
948 2448 1113 2534 scripserat,
1130 2451 1257 2516 Arriano
1280 2452 1425 2516 sacerdoti

321 2550 459 2616 familiari
473 2577 528 2617 suo
540 2553 766 2617 commendavit.
812 2551 903 2623 Quod
917 2552 981 2638 ipse
994 2551 1123 2616 fideliter
1137 2553 1315 2617 Constantio
1330 2577 1422 2618 reser-

321 2655 404 2730 vavit
417 2667 447 2718 et
457 2655 598 2734 tradidit3
621 2661 652 2718 et
664 2655 733 2719 ideo
744 2659 858 2718 tantam
869 2655 934 2739 ejus
945 2661 1127 2739 assequutus
1132 2664 1178 2720 est
1191 2655 1425 2730 familiaritatem

322 2764 357 2821 ut
371 2755 509 2822 dominus
525 2758 647 2822 aliorum
663 2765 694 2823 et
707 2757 868 2842 imperator
881 2756 920 2821 ab
929 2779 966 2822 eo
980 2764 1131 2842 pateretur
1140 2758 1287 2843 imperari.
1331 2759 1423 2824 Unde

322 2858 390 2944 cogi
403 2867 556 2945 caeperunt
567 2861 698 2946 episcopi
709 2860 829 2927 Arrium
840 2861 980 2945 recipere,
989 2862 1079 2925 etium
1089 2861 1187 2924 inviti.
1232 2861 1339 2932 Quum
1351 2885 1423 2947 ergo

322 2964 539 3043 convenissent,
554 2963 702 3029 Eusebius
717 2965 882 3050 episcopus,
897 2964 997 3028 fautor
1011 2964 1101 3042 Arrii,
1116 2963 1196 3048 apud
1210 2963 1424 3028 Constantino-

318 3067 412 3152 polim
427 3066 546 3153 pnblice
560 3067 725 3132 introduxit
745 3067 866 3131 Arrium
882 3067 916 3130 in
930 3067 1092 3143 ecclesiam,
1107 3073 1143 3130 ut
1163 3088 1231 3130 enm
1250 3066 1423 3132 Alexander

318 3171 470 3256 reciperet,
485 3172 534 3237 vel
548 3171 585 3236 ab
601 3173 772 3257 episcopatu
787 3193 842 3236 suo
862 3170 1028 3254 pelleretur.
1073 3170 1177 3240 Quum
1192 3177 1291 3235 autem
1311 3172 1420 3238 &nus

317 3274 397 3340 iuter
417 3276 528 3340 multos
553 3276 779 3361 constiparetur,
802 3274 940 3338 humana
961 3273 1145 3338 necessitatis
1174 3296 1263 3338 causa
1284 3274 1323 3338 ad
1344 3273 1420 3359 pub·
1504 3324 1505 3335 .

318 3378 410 3444 licum
434 3379 533 3444 locum
558 3378 725 3454 declinavit,
748 3377 780 3442 in
805 3399 865 3461 quo
887 3375 1029 3440 intestina
1052 3383 1085 3440 et
1106 3377 1207 3441 omnia
1229 3376 1342 3441 siscera
1365 3400 1424 3441 sna
1504 3420 1505 3423 =

318 3482 447 3567 turpiter
479 3481 599 3566 egessit.
655 3480 750 3558 Adeo,
781 3502 875 3564 quum
906 3479 1007 3544 statim
1037 3478 1076 3543 ad
1109 3479 1248 3543 notitiam
1282 3480 1417 3544 omnium

315 3585 456 3662 venisset,
478 3584 596 3650 confusi
617 3583 769 3669 adjutores
789 3584 853 3668 ejus
878 3590 1072 3646 recesserunt.
1117 3583 1159 3646 llt
1180 3583 1347 3668 completus
1371 3588 1418 3648 est
1504 3592 1505 3609 ³

317 3710 414 3754 sermo
428 3687 598 3765 Alexandri,
614 3687 654 3752 ad
668 3686 792 3772 gloriam
807 3686 867 3751 Dei
880 3687 1002 3764 oraufis,
1019 3692 1040 3720 “
1049 3686 1168 3764 Judica,
1184 3686 1323 3765 Domine,
1338 3687 1419 3752 inter

317 3813 366 3856 me
379 3797 410 3856 ct
425 3791 520 3856 minas
534 3789 658 3856 Eusebii
672 3775 703 3854 et
716 3789 777 3854 vim
800 3788 913 3853 Arrii.'’
957 3788 1109 3852 Timentes
1130 3811 1200 3853 vero
1221 3788 1281 3852 sibi
1298 3811 1418 3854 accusa·

317 3901 407 3973 tores,
421 3899 545 3959 mortem
563 3893 642 3958 Arrii
661 3915 714 3978 per
728 3891 882 3957 eunuchos
898 3889 1103 3976 palliaverunt,
1119 3912 1157 3956 ue
1176 3891 1279 3976 agnita
1291 3891 1420 3956 veritate

315 3998 524 4083 punirentur.‡

353 4266 367 4324 x
385 4256 443 4310 The
457 4247 512 4310 real
525 4265 619 4310 nature
633 4255 664 4309 of
672 4255 717 4309 the
726 4253 807 4308 death
816 4253 931 4308 ofArins
941 4252 1136 4313 mustforever,
1146 4251 1167 4304 ir
1176 4250 1418 4316 issemuremiu
