3042 5134
192 505 199 516 ·
316 461 378 524 120
734 454 880 518 Runnm
895 453 999 518 N1un1

314 632 469 715 Origenes,
492 634 561 713 post
579 625 696 691 XVIII
713 647 808 688 annos
826 631 896 709 post
918 623 1052 708 quintam
1072 622 1244 699 editionem,
1269 624 1414 690 translati-

312 755 400 798 onem
421 731 512 796 Lxx
533 729 620 795 obelo
641 733 671 793 et
690 727 829 792 asterisco
851 726 987 804 correxit,
1010 731 1041 789 et
1062 733 1131 810 post
1148 725 1230 789 solus
1251 727 1410 790 transtulit.

314 835 459 918 Origenes
475 832 551 896 dixit
572 831 670 895 lilium
685 850 748 892 non
763 849 850 912 posse
864 827 963 891 videre
979 835 1091 912 patrem
1106 834 1137 891 et
1151 828 1266 891 animas
1290 828 1326 890 in
1340 829 1414 912 prin·

313 937 391 1021 cipio
411 956 556 1020 peccasse,
574 939 605 997 et
626 953 680 1016 pro
705 931 847 994 verietate
870 936 1061 1014 peccatorum
1088 929 1203 994 diversa
1228 951 1355 1014 corpora
1372 931 1415 993 in·

313 1038 432 1116 (luisse,
447 1035 522 1100 dixit
543 1036 631 1099 etiam
660 1033 812 1098 Christum
842 1032 919 1096 sicut
948 1031 1039 1095 semel
1051 1053 1173 1116 passum
1198 1032 1231 1094 in
1254 1039 1338 1095 terra
1362 1053 1412 1116 pro
1493 1085 1494 1092 ,

313 1137 495 1215 hominibus,
510 1137 553 1201 sic
567 1136 666 1201 adhuc
680 1135 743 1220 pati
756 1135 790 1198 in
804 1155 869 1197 aere
884 1156 938 1218 pro
962 1133 1158 1198 damonibus.
1205 1132 1316 1198 Sedere
1330 1155 1413 1218 passo

313 1241 430 1307 Oalixto
451 1240 601 1316 Urbanus,
623 1245 655 1302 et
676 1259 711 1301 eo
732 1258 820 1320 passo
839 1236 1004 1300 Pontianus
1026 1236 1112 1300 annis
1131 1235 1171 1314 V,
1195 1235 1349 1300 mensibus
1370 1236 1412 1312 Il,

312 1345 419 1410 diebus
434 1345 487 1423 II,
507 1344 583 1429 [Hic
607 1342 743 1406 exulatus
758 1340 832 1422 est].
857 1341 938 1404 Passi
958 1348 1031 1404 sunt
1053 1337 1208 1405 Tiburtius
1228 1347 1259 1405 et
1284 1341 1412 1405 Valeria-
1492 1327 1494 1336 '

315 1471 373 1512 nus
384 1455 415 1512 et
428 1447 537 1512 Cecilia
553 1445 656 1510 Romae
670 1443 726 1508 sub
742 1443 908 1506 Almachio.

363 1547 704 1615 vMeoccxxxHH.
742 1548 944 1610 Ansxnunun
978 1565 1154 1609 ruennsvrr
1183 1565 1283 1608 annis
1324 1545 1415 1622 XIII,

728 1667 834 1711 rurus
854 1653 1005 1714 Aunsurr.
1493 1631 1494 1648 ¹

357 1751 421 1818 Sub
450 1752 617 1816 Maximino
646 1749 729 1814 Julio
751 1755 835 1812 sexta
865 1749 903 1812 lit
923 1750 1124 1832 persequutio,
1148 1757 1179 1812 et
1200 1750 1354 1834 praecipue
1384 1750 1414 1812 in

314 1855 479 1920 sacerdotes
507 1854 691 1918 Christianos
720 1858 841 1936 propter
870 1850 971 1914 odium
999 1851 1173 1915 Mammaese.
1214 1851 1319 1915 Julius
1346 1851 1415 1915 vicit
1493 1911 1494 1920 ,

317 1957 481 2022 Germanos
501 1963 532 2020 et
545 1955 579 2019 in
600 1955 739 2038 Aquileia
753 1976 772 2016 a
787 1953 922 2037 Pupieno
937 1953 1092 2030 occiditur,
1109 1953 1158 2036 qui
1174 1960 1245 2036 post
1259 1954 1293 2017 in
1309 1954 1417 2038 palatio

316 2060 469 2124 occiditur.
514 2057 596 2122 Sedit
619 2057 762 2121 Asterius
791 2077 893 2120 mense
922 2055 949 2132 l,
980 2054 1086 2119 diebus
1116 2055 1185 2120 XV.
1231 2056 1319 2120 Passi
1349 2067 1416 2120 suut

314 2162 477 2226 Pantaleon
492 2169 523 2225 et
537 2160 557 2223 J
560 2160 666 2224 uliana.

373 2260 710 2330 VMOCOCXXXVII.
735 2259 893 2324 ernuus
910 2279 1081 2323 rurnnsvm
1094 2279 1191 2322 sums
1203 2259 1257 2323 ΙΙΙ
1274 2279 1415 2324 sunsnon

783 2381 950 2426 rursusne.

357 2467 526 2532 Gordianus
540 2466 644 2531 fraude
664 2487 786 2529 suornm
801 2487 886 2528 secus
903 2465 1086 2548 Euphratem
1101 2487 1118 2527 a
1141 2464 1261 2528 Parthis
1277 2466 1409 2530 caeditur.

315 2569 400 2634 Sedit
434 2570 548 2632 Lucius
584 2568 669 2631 annis
702 2567 809 2644 tribus,
846 2565 997 2630 mensibus
1035 2565 1140 2643 tribus,
1171 2566 1277 2630 diebus
1309 2568 1412 2632 tribus.

316 2671 416 2735 Olaret
436 2671 616 2755 Porphyrius
641 2671 692 2753 qui
719 2670 885 2733 Mathaeum
913 2669 989 2733 dixit
1012 2670 1195 2753 imperitum.
1241 2670 1412 2735 Gordianus

317 2772 512 2856 triumphavit
526 2771 563 2835 de
579 2772 688 2835 Medis.

374 2873 663 2938 VMCOOCXLIII.
709 2874 900 2937 Gounrnuus
922 2893 1096 2956 runnunvrr
1119 2893 1217 2936 uunrs
1232 2873 1291 2950 VI,
1313 2895 1415 2938 murus

762 2979 964 3039 Annxnnnnr.

371 3077 529 3164 Philippus
544 3079 664 3143 Marcus
679 3078 780 3140 Julius
792 3078 906 3162 primus
920 3077 979 3140 luit
994 3077 1183 3141 Christianus
1197 3077 1372 3160 imperator,
1388 3086 1415 3142 et

315 3181 490 3266 Philippum
510 3181 605 3246 filium
631 3186 796 3244 consortem
821 3179 906 3262 regni
927 3179 1009 3256 lecit,
1032 3185 1116 3263 pater
1146 3179 1284 3256 Veronae,
1313 3181 1415 3264 junior

317 3282 447 3347 Muses
458 3283 551 3347 Decio
560 3282 715 3346 occiditur.
740 3281 825 3344 Sedit
837 3279 1005 3364 Stephanus
1014 3281 1101 3345 annis
1110 3279 1193 3357 IIII,
1207 3281 1361 3346 mensibus
1370 3283 1413 3360 Il,

317 3384 422 3448 diebus
440 3384 508 3447 XV.

359 3485 561 3549 VMOOCOL.
585 3473 761 3549 Purnrl’ros
774 3503 1056 3548 rurnnnvrnnuurs
1067 3489 1096 3560 7,
1113 3485 1411 3550 r1n1userru1u1.

359 3586 422 3650 Sub
452 3587 546 3650 Decio
576 3588 703 3670 septima
731 3587 770 3650 lit
799 3589 829 3649 in
860 3586 1044 3650 Christianos
1073 3588 1276 3671 persequutio.
1323 3590 1413 3653 Passo

316 3688 467 3771 Stephano
481 3688 558 3751 sedit
573 3688 675 3750 Sistus
691 3688 848 3764 secundus,
868 3688 1030 3771 Hispanus,
1047 3688 1132 3752 annis
1149 3693 1178 3765 2,
1191 3689 1346 3755 mensibus
1364 3695 1411 3767 ll,

316 3790 421 3855 diebus
444 3793 473 3853 6.
500 3790 601 3853 Sixtus
617 3791 768 3873 parochias
784 3799 814 3853 et
829 3790 965 3854 ecclesias
979 3791 1060 3868 lecit,
1077 3797 1106 3855 et
1122 3791 1206 3854 dedit
1220 3792 1412 3878 presbyteris,

314 3894 385 3958 lecit
400 3899 430 3957 et
444 3892 595 3957 cimiteria.
661 3893 752 3956 Passo
768 3894 852 3956 Sixto
867 3893 943 3956 sedit
960 3893 1110 3956 Fabianus
1131 3893 1218 3956 annis
1235 3897 1285 3971 14,
1306 3897 1412 3959 mensi-

316 3995 373 4060 bus
394 3998 441 4072 ll,
462 3994 567 4059 diebus
590 3996 641 4057 Il.
694 3995 839 4058 Fervente
861 3996 1092 4078 persequutione
1106 3995 1138 4058 in
1154 3993 1256 4058 odium
1271 3997 1412 4082 Philippi,

315 4098 393 4182 passi
422 4106 494 4160 sunt
522 4095 627 4160 beatus
657 4096 846 4174 Laurentius,
875 4096 1060 4181 Hippolitus,
1086 4085 1199 4180 septem
1224 4096 1413 4176 dormientes,
1491 4147 1492 4150 ,
