<?xml version="1.0" encoding="UTF-8"?>
<!DOCTYPE html PUBLIC "-//W3C//DTD XHTML 1.0 Transitional//EN"
    "http://www.w3.org/TR/xhtml1/DTD/xhtml1-transitional.dtd">
<html xmlns="http://www.w3.org/1999/xhtml" xml:lang="en" lang="en">
 <head>
  <title>
</title>
<meta http-equiv="Content-Type" content="text/html;charset=utf-8" />
  <meta name='ocr-system' content='tesseract 3.04.00' />
  <meta name='ocr-capabilities' content='ocr_page ocr_carea ocr_par ocr_line ocrx_word'/>
</head>
<body>
  <div class='ocr_page' id='page_1' title='image "./radulfinigrichr00cogggoog_0155.png"; bbox 0 0 3042 5134; ppageno 0'>
   <div class='ocr_carea' id='block_1_1' title="bbox 348 513 1444 770">
    <p class='ocr_par' dir='ltr' id='par_1_1' title="bbox 348 513 1444 770">
     <span class='ocr_line' id='line_1_1' title="bbox 348 513 1022 588; baseline -0.006 -6"><span class='ocrx_word' id='word_1_1' title='bbox 348 519 409 583; x_wconf 82' lang='lat'><strong>140</strong></span> <span class='ocrx_word' id='word_1_2' title='bbox 756 515 903 588; x_wconf 73' lang='lat' dir='ltr'><strong>Renum</strong></span> <span class='ocrx_word' id='word_1_3' title='bbox 917 513 1022 581; x_wconf 85' lang='lat' dir='ltr'><strong>Nram</strong></span> 
     </span>
     <span class='ocr_line' id='line_1_2' title="bbox 385 679 1444 770; baseline -0.005 -21"><span class='ocrx_word' id='word_1_4' title='bbox 385 684 578 770; x_wconf 81' lang='lat' dir='ltr'><strong>longobardi</strong></span> <span class='ocrx_word' id='word_1_5' title='bbox 616 681 735 748; x_wconf 89' lang='lat' dir='ltr'><strong>Italiam</strong></span> <span class='ocrx_word' id='word_1_6' title='bbox 775 683 907 768; x_wconf 87' lang='lat' dir='ltr'><strong>capiunt.</strong></span> <span class='ocrx_word' id='word_1_7' title='bbox 952 679 1166 766; x_wconf 87' lang='lat' dir='ltr'><strong>Hermegildus</strong></span> <span class='ocrx_word' id='word_1_8' title='bbox 1208 701 1262 745; x_wconf 83' lang='lat' dir='ltr'><strong>rex</strong></span> <span class='ocrx_word' id='word_1_9' title='bbox 1302 703 1322 746; x_wconf 89' lang='lat' dir='ltr'><strong>a</strong></span> <span class='ocrx_word' id='word_1_10' title='bbox 1361 687 1444 766; x_wconf 88' lang='lat' dir='ltr'><strong>patre</strong></span> 
     </span>
    </p>
   </div>
   <div class='ocr_carea' id='block_1_2' title="bbox 342 780 1509 874">
    <p class='ocr_par' dir='ltr' id='par_1_2' title="bbox 342 780 1509 874">
     <span class='ocr_line' id='line_1_3' title="bbox 342 780 1509 874; baseline -0.003 -25"><span class='ocrx_word' id='word_1_11' title='bbox 342 786 471 850; x_wconf 87' lang='lat' dir='ltr'><strong>Arriano</strong></span> <span class='ocrx_word' id='word_1_12' title='bbox 492 786 524 849; x_wconf 93' lang='lat' dir='ltr'><strong>in</strong></span> <span class='ocrx_word' id='word_1_13' title='bbox 545 785 682 848; x_wconf 87' lang='lat' dir='ltr'><strong>Paschali</strong></span> <span class='ocrx_word' id='word_1_14' title='bbox 704 785 889 848; x_wconf 75' lang='lat' dir='ltr'><strong>solemnitate</strong></span> <span class='ocrx_word' id='word_1_15' title='bbox 911 784 944 847; x_wconf 88' lang='lat' dir='ltr'><strong>in</strong></span> <span class='ocrx_word' id='word_1_16' title='bbox 966 804 1081 847; x_wconf 87' lang='lat' dir='ltr'><strong>carcere</strong></span> <span class='ocrx_word' id='word_1_17' title='bbox 1109 780 1265 860; x_wconf 88' lang='lat' dir='ltr'><strong>occiditur,</strong></span> <span class='ocrx_word' id='word_1_18' title='bbox 1295 805 1333 846; x_wconf 92' lang='lat' dir='ltr'><strong>eo</strong></span> <span class='ocrx_word' id='word_1_19' title='bbox 1364 781 1444 866; x_wconf 90' lang='lat' dir='ltr'><strong>qnod</strong></span> <span class='ocrx_word' id='word_1_20' title='bbox 1508 847 1509 874; x_wconf 73' lang='lat'><strong>,</strong></span> 
     </span>
    </p>
   </div>
   <div class='ocr_carea' id='block_1_3' title="bbox 342 881 1446 1274">
    <p class='ocr_par' dir='ltr' id='par_1_3' title="bbox 342 881 1446 1274">
     <span class='ocr_line' id='line_1_4' title="bbox 342 881 1444 970; baseline -0.004 -19"><span class='ocrx_word' id='word_1_21' title='bbox 342 885 472 951; x_wconf 89' lang='lat' dir='ltr'><strong>noluerit</strong></span> <span class='ocrx_word' id='word_1_22' title='bbox 500 887 709 950; x_wconf 84' lang='lat' dir='ltr'><strong>communicari</strong></span> <span class='ocrx_word' id='word_1_23' title='bbox 737 885 775 950; x_wconf 90' lang='lat' dir='ltr'><strong>ab</strong></span> <span class='ocrx_word' id='word_1_24' title='bbox 805 886 939 949; x_wconf 81' lang='lat' dir='ltr'><strong>Arrianis</strong></span> <span class='ocrx_word' id='word_1_25' title='bbox 968 885 1122 970; x_wconf 86' lang='lat' dir='ltr'><strong>episcopis.</strong></span> <span class='ocrx_word' id='word_1_26' title='bbox 1167 883 1270 948; x_wconf 86' lang='lat' dir='ltr'><strong>Claret</strong></span> <span class='ocrx_word' id='word_1_27' title='bbox 1306 881 1444 948; x_wconf 69' lang='lat' dir='ltr'><strong>Iteander</strong></span> 
     </span>
     <span class='ocr_line' id='line_1_5' title="bbox 345 985 1446 1072; baseline -0.005 -21"><span class='ocrx_word' id='word_1_28' title='bbox 345 987 540 1072; x_wconf 85' lang='lat' dir='ltr'><strong>Hyspalensis</strong></span> <span class='ocrx_word' id='word_1_29' title='bbox 578 988 742 1070; x_wconf 87' lang='lat' dir='ltr'><strong>episcopus.</strong></span> <span class='ocrx_word' id='word_1_30' title='bbox 787 985 954 1049; x_wconf 80' lang='lat' dir='ltr'><strong>Glodoveus</strong></span> <span class='ocrx_word' id='word_1_31' title='bbox 987 985 1069 1049; x_wconf 90' lang='lat' dir='ltr'><strong>filius</strong></span> <span class='ocrx_word' id='word_1_32' title='bbox 1106 985 1265 1070; x_wconf 82' lang='lat' dir='ltr'><strong>Ghilperici</strong></span> <span class='ocrx_word' id='word_1_33' title='bbox 1305 1007 1325 1048; x_wconf 94' lang='lat' dir='ltr'><strong>a</strong></span> <span class='ocrx_word' id='word_1_34' title='bbox 1364 991 1446 1068; x_wconf 89' lang='lat' dir='ltr'><strong>patre</strong></span> 
     </span>
     <span class='ocr_line' id='line_1_6' title="bbox 344 1085 1445 1152; baseline -0.004 0"><span class='ocrx_word' id='word_1_35' title='bbox 344 1087 492 1152; x_wconf 89' lang='lat' dir='ltr'><strong>occiditur</strong></span> <span class='ocrx_word' id='word_1_36' title='bbox 510 1093 541 1150; x_wconf 90' lang='lat' dir='ltr'><strong>et</strong></span> <span class='ocrx_word' id='word_1_37' title='bbox 558 1087 755 1150; x_wconf 87' lang='lat' dir='ltr'><strong>Guntrannns</strong></span> <span class='ocrx_word' id='word_1_38' title='bbox 772 1087 811 1149; x_wconf 83' lang='lat' dir='ltr'><strong>fit</strong></span> <span class='ocrx_word' id='word_1_39' title='bbox 830 1105 891 1148; x_wconf 85' lang='lat' dir='ltr'><strong>rex.</strong></span> <span class='ocrx_word' id='word_1_40' title='bbox 938 1085 1120 1149; x_wconf 90' lang='lat' dir='ltr'><strong>Guntrunus</strong></span> <span class='ocrx_word' id='word_1_41' title='bbox 1141 1107 1193 1149; x_wconf 84' lang='lat' dir='ltr'><strong>rex</strong></span> <span class='ocrx_word' id='word_1_42' title='bbox 1213 1085 1311 1149; x_wconf 83' lang='lat' dir='ltr'><strong>fessus</strong></span> <span class='ocrx_word' id='word_1_43' title='bbox 1334 1091 1445 1149; x_wconf 87' lang='lat' dir='ltr'><strong>venatu</strong></span> 
     </span>
     <span class='ocr_line' id='line_1_7' title="bbox 343 1183 1445 1274; baseline -0.005 -22"><span class='ocrx_word' id='word_1_44' title='bbox 343 1211 437 1274; x_wconf 90' lang='lat' dir='ltr'><strong>quum</strong></span> <span class='ocrx_word' id='word_1_45' title='bbox 451 1210 482 1251; x_wconf 92' lang='lat' dir='ltr'><strong>se</strong></span> <span class='ocrx_word' id='word_1_46' title='bbox 502 1188 590 1271; x_wconf 76' lang='lat' dir='ltr'><strong>juxta</strong></span> <span class='ocrx_word' id='word_1_47' title='bbox 605 1187 701 1270; x_wconf 81' lang='lat' dir='ltr'><strong>ripam</strong></span> <span class='ocrx_word' id='word_1_48' title='bbox 721 1186 820 1269; x_wconf 91' lang='lat' dir='ltr'><strong>sopori</strong></span> <span class='ocrx_word' id='word_1_49' title='bbox 839 1183 978 1261; x_wconf 75' lang='lat' dir='ltr'>dedisset,</span> <span class='ocrx_word' id='word_1_50' title='bbox 1000 1185 1108 1248; x_wconf 89' lang='lat' dir='ltr'><strong>animal</strong></span> <span class='ocrx_word' id='word_1_51' title='bbox 1128 1207 1165 1248; x_wconf 85' lang='lat' dir='ltr'><strong>ex</strong></span> <span class='ocrx_word' id='word_1_52' title='bbox 1185 1186 1248 1269; x_wconf 89' lang='lat' dir='ltr'><strong>ejus</strong></span> <span class='ocrx_word' id='word_1_53' title='bbox 1269 1207 1321 1249; x_wconf 89' lang='lat' dir='ltr'><strong>ore</strong></span> <span class='ocrx_word' id='word_1_54' title='bbox 1342 1186 1445 1249; x_wconf 86' lang='lat' dir='ltr'><strong>exiens</strong></span> 
     </span>
    </p>
   </div>
   <div class='ocr_carea' id='block_1_4' title="bbox 342 1285 1510 1475">
    <p class='ocr_par' dir='ltr' id='par_1_4' title="bbox 342 1285 1510 1475">
     <span class='ocr_line' id='line_1_8' title="bbox 342 1285 1510 1371; baseline -0.005 -17"><span class='ocrx_word' id='word_1_55' title='bbox 342 1291 502 1354; x_wconf 75' lang='lat' dir='ltr'><strong>transitum</strong></span> <span class='ocrx_word' id='word_1_56' title='bbox 515 1287 674 1371; x_wconf 83' lang='lat' dir='ltr'><strong>quaerebat.</strong></span> <span class='ocrx_word' id='word_1_57' title='bbox 719 1285 812 1351; x_wconf 81' lang='lat' dir='ltr'><strong>Quod</strong></span> <span class='ocrx_word' id='word_1_58' title='bbox 826 1285 929 1348; x_wconf 84' lang='lat' dir='ltr'><strong>videus</strong></span> <span class='ocrx_word' id='word_1_59' title='bbox 944 1286 1080 1368; x_wconf 82' lang='lat' dir='ltr'>armiger,</span> <span class='ocrx_word' id='word_1_60' title='bbox 1100 1285 1185 1369; x_wconf 89' lang='lat' dir='ltr'><strong>cujus</strong></span> <span class='ocrx_word' id='word_1_61' title='bbox 1199 1285 1314 1369; x_wconf 88' lang='lat' dir='ltr'><strong>gremio</strong></span> <span class='ocrx_word' id='word_1_62' title='bbox 1328 1285 1447 1349; x_wconf 73' lang='lat' dir='ltr'><strong>acclivis</strong></span> <span class='ocrx_word' id='word_1_63' title='bbox 1509 1342 1510 1366; x_wconf 63' lang='lat'><strong>,</strong></span> 
     </span>
     <span class='ocr_line' id='line_1_9' title="bbox 344 1371 1510 1475; baseline -0.005 -21"><span class='ocrx_word' id='word_1_64' title='bbox 344 1387 497 1475; x_wconf 75' lang='lat' dir='ltr'><strong>pausabat,</strong></span> <span class='ocrx_word' id='word_1_65' title='bbox 512 1387 611 1473; x_wconf 86' lang='lat' dir='ltr'><strong>gladio</strong></span> <span class='ocrx_word' id='word_1_66' title='bbox 626 1410 680 1452; x_wconf 88' lang='lat' dir='ltr'><strong>suo</strong></span> <span class='ocrx_word' id='word_1_67' title='bbox 695 1389 722 1451; x_wconf 92' lang='lat' dir='ltr'><strong>ei</strong></span> <span class='ocrx_word' id='word_1_68' title='bbox 737 1395 861 1471; x_wconf 90' lang='lat' dir='ltr'><strong>pontem</strong></span> <span class='ocrx_word' id='word_1_69' title='bbox 876 1387 955 1462; x_wconf 85' lang='lat' dir='ltr'><strong>fecit,</strong></span> <span class='ocrx_word' id='word_1_70' title='bbox 972 1407 1027 1448; x_wconf 88' lang='lat' dir='ltr'><strong>nee</strong></span> <span class='ocrx_word' id='word_1_71' title='bbox 1041 1385 1136 1450; x_wconf 89' lang='lat' dir='ltr'><strong>multo</strong></span> <span class='ocrx_word' id='word_1_72' title='bbox 1152 1393 1220 1470; x_wconf 90' lang='lat' dir='ltr'><strong>post</strong></span> <span class='ocrx_word' id='word_1_73' title='bbox 1233 1386 1352 1450; x_wconf 88' lang='lat' dir='ltr'><strong>rediens</strong></span> <span class='ocrx_word' id='word_1_74' title='bbox 1366 1387 1401 1449; x_wconf 92' lang='lat' dir='ltr'><strong>in</strong></span> <span class='ocrx_word' id='word_1_75' title='bbox 1415 1409 1446 1449; x_wconf 92' lang='lat' dir='ltr'><strong>os</strong></span> <span class='ocrx_word' id='word_1_76' title='bbox 1509 1371 1510 1460; x_wconf 54' lang='lat' dir='ltr'>J</span> 
     </span>
    </p>
   </div>
   <div class='ocr_carea' id='block_1_5' title="bbox 342 1487 1446 1774">
    <p class='ocr_par' dir='ltr' id='par_1_5' title="bbox 342 1487 1446 1774">
     <span class='ocr_line' id='line_1_10' title="bbox 344 1487 1446 1574; baseline -0.004 -20"><span class='ocrx_word' id='word_1_77' title='bbox 344 1491 518 1554; x_wconf 79' lang='lat' dir='ltr'><strong>somniantis</strong></span> <span class='ocrx_word' id='word_1_78' title='bbox 530 1491 695 1574; x_wconf 86' lang='lat' dir='ltr'><strong>ingressum</strong></span> <span class='ocrx_word' id='word_1_79' title='bbox 711 1495 766 1552; x_wconf 91' lang='lat' dir='ltr'><strong>est.</strong></span> <span class='ocrx_word' id='word_1_80' title='bbox 811 1489 990 1552; x_wconf 85' lang='lat' dir='ltr'><strong>Guntrunus</strong></span> <span class='ocrx_word' id='word_1_81' title='bbox 1004 1487 1146 1570; x_wconf 78' lang='lat' dir='ltr'><strong>evigilans</strong></span> <span class='ocrx_word' id='word_1_82' title='bbox 1158 1487 1446 1551; x_wconf 83' lang='lat' dir='ltr'><strong>dixitsesomuiasse</strong></span> 
     </span>
     <span class='ocr_line' id='line_1_11' title="bbox 344 1589 1445 1675; baseline -0.002 -21"><span class='ocrx_word' id='word_1_83' title='bbox 344 1591 499 1655; x_wconf 70' lang='lat' dir='ltr'><strong>thesauros</strong></span> <span class='ocrx_word' id='word_1_84' title='bbox 528 1591 638 1654; x_wconf 87' lang='lat' dir='ltr'><strong>multos</strong></span> <span class='ocrx_word' id='word_1_85' title='bbox 658 1591 692 1652; x_wconf 91' lang='lat' dir='ltr'><strong>in</strong></span> <span class='ocrx_word' id='word_1_86' title='bbox 714 1590 789 1652; x_wconf 91' lang='lat' dir='ltr'><strong>colle</strong></span> <span class='ocrx_word' id='word_1_87' title='bbox 818 1590 953 1673; x_wconf 81' lang='lat' dir='ltr'><strong>proximo</strong></span> <span class='ocrx_word' id='word_1_88' title='bbox 981 1589 1159 1665; x_wconf 89' lang='lat' dir='ltr'><strong>reconditos,</strong></span> <span class='ocrx_word' id='word_1_89' title='bbox 1190 1611 1265 1672; x_wconf 88' lang='lat' dir='ltr'><strong>quos</strong></span> <span class='ocrx_word' id='word_1_90' title='bbox 1294 1591 1445 1675; x_wconf 85' lang='lat' dir='ltr'><strong>reperiens</strong></span> 
     </span>
     <span class='ocr_line' id='line_1_12' title="bbox 342 1689 1323 1774; baseline -0.001 -19"><span class='ocrx_word' id='word_1_91' title='bbox 342 1690 456 1755; x_wconf 85' lang='lat' dir='ltr'><strong>ibidem</strong></span> <span class='ocrx_word' id='word_1_92' title='bbox 468 1691 501 1754; x_wconf 92' lang='lat' dir='ltr'><strong>in</strong></span> <span class='ocrx_word' id='word_1_93' title='bbox 515 1712 589 1754; x_wconf 91' lang='lat' dir='ltr'><strong>usus</strong></span> <span class='ocrx_word' id='word_1_94' title='bbox 604 1690 794 1754; x_wconf 87' lang='lat' dir='ltr'><strong>ecclesiarum</strong></span> <span class='ocrx_word' id='word_1_95' title='bbox 809 1691 1000 1774; x_wconf 78' lang='lat' dir='ltr'><strong>consumpsit.</strong></span> <span class='ocrx_word' id='word_1_96' title='bbox 1045 1689 1130 1754; x_wconf 85' lang='lat' dir='ltr'><strong>Obiit</strong></span> <span class='ocrx_word' id='word_1_97' title='bbox 1144 1690 1323 1774; x_wconf 84' lang='lat' dir='ltr'><strong>Ohilperius.</strong></span> 
     </span>
    </p>
   </div>
   <div class='ocr_carea' id='block_1_6' title="bbox 385 1791 1328 1857">
    <p class='ocr_par' dir='ltr' id='par_1_6' title="bbox 385 1791 1328 1857">
     <span class='ocr_line' id='line_1_13' title="bbox 385 1791 1328 1857; baseline 0.001 -1"><span class='ocrx_word' id='word_1_98' title='bbox 385 1791 731 1856; x_wconf 83' lang='lat' dir='ltr'><strong>VMDOCLXXXVII.</strong></span> <span class='ocrx_word' id='word_1_99' title='bbox 775 1791 932 1855; x_wconf 80' lang='lat' dir='ltr'><strong>Tranmus</strong></span> <span class='ocrx_word' id='word_1_100' title='bbox 947 1811 1123 1855; x_wconf 77' lang='lat' dir='ltr'><strong>rnrnaavm</strong></span> <span class='ocrx_word' id='word_1_101' title='bbox 1140 1811 1234 1856; x_wconf 77' lang='lat' dir='ltr'><strong>arms</strong></span> <span class='ocrx_word' id='word_1_102' title='bbox 1249 1792 1328 1857; x_wconf 86' lang='lat' dir='ltr'><strong>VH.</strong></span> 
     </span>
    </p>
   </div>
   <div class='ocr_carea' id='block_1_7' title="bbox 396 1891 1511 1977">
    <p class='ocr_par' dir='ltr' id='par_1_7' title="bbox 396 1891 1511 1977">
     <span class='ocr_line' id='line_1_14' title="bbox 396 1891 1511 1977; baseline 0 -21"><span class='ocrx_word' id='word_1_103' title='bbox 396 1892 561 1956; x_wconf 86' lang='lat' dir='ltr'><strong>Mauricius</strong></span> <span class='ocrx_word' id='word_1_104' title='bbox 582 1892 750 1977; x_wconf 86' lang='lat' dir='ltr'><strong>imperator,</strong></span> <span class='ocrx_word' id='word_1_105' title='bbox 777 1892 862 1976; x_wconf 88' lang='lat' dir='ltr'><strong>cujus</strong></span> <span class='ocrx_word' id='word_1_106' title='bbox 887 1914 965 1955; x_wconf 90' lang='lat' dir='ltr'><strong>anno</strong></span> <span class='ocrx_word' id='word_1_107' title='bbox 989 1913 1069 1955; x_wconf 93' lang='lat' dir='ltr'><strong>nono</strong></span> <span class='ocrx_word' id='word_1_108' title='bbox 1096 1898 1208 1956; x_wconf 89' lang='lat' dir='ltr'><strong>statuta</strong></span> <span class='ocrx_word' id='word_1_109' title='bbox 1236 1898 1281 1956; x_wconf 88' lang='lat' dir='ltr'><strong>est</strong></span> <span class='ocrx_word' id='word_1_110' title='bbox 1309 1915 1329 1956; x_wconf 91' lang='lat' dir='ltr'><strong>a</strong></span> <span class='ocrx_word' id='word_1_111' title='bbox 1352 1891 1440 1956; x_wconf 88' lang='lat' dir='ltr'><strong>beato</strong></span> <span class='ocrx_word' id='word_1_112' title='bbox 1510 1955 1511 1962; x_wconf 69' lang='grc'>,</span> 
     </span>
    </p>
   </div>
   <div class='ocr_carea' id='block_1_8' title="bbox 341 1992 1445 2584">
    <p class='ocr_par' dir='ltr' id='par_1_8' title="bbox 341 1992 1445 2584">
     <span class='ocr_line' id='line_1_15' title="bbox 345 1992 1445 2078; baseline -0.003 -20"><span class='ocrx_word' id='word_1_113' title='bbox 345 1993 491 2078; x_wconf 82' lang='lat' dir='ltr'><strong>Gregorio</strong></span> <span class='ocrx_word' id='word_1_114' title='bbox 511 1995 605 2078; x_wconf 89' lang='lat' dir='ltr'><strong>major</strong></span> <span class='ocrx_word' id='word_1_115' title='bbox 626 1993 758 2070; x_wconf 77' lang='lat' dir='ltr'><strong>betunia,</strong></span> <span class='ocrx_word' id='word_1_116' title='bbox 781 1993 868 2056; x_wconf 85' lang='lat' dir='ltr'><strong>duxit</strong></span> <span class='ocrx_word' id='word_1_117' title='bbox 889 1992 983 2056; x_wconf 85' lang='lat' dir='ltr'><strong>filiam</strong></span> <span class='ocrx_word' id='word_1_118' title='bbox 1012 1993 1135 2070; x_wconf 70' lang='lat' dir='ltr'><strong>liberii,</strong></span> <span class='ocrx_word' id='word_1_119' title='bbox 1156 1994 1220 2078; x_wconf 85' lang='lat' dir='ltr'><strong>ipsc</strong></span> <span class='ocrx_word' id='word_1_120' title='bbox 1240 1993 1445 2078; x_wconf 84' lang='lat' dir='ltr'><strong>Capodocins.</strong></span> 
     </span>
     <span class='ocr_line' id='line_1_16' title="bbox 346 2095 1445 2180; baseline -0.004 -18"><span class='ocrx_word' id='word_1_121' title='bbox 346 2096 453 2162; x_wconf 87' lang='lat' dir='ltr'><strong>Obiere</strong></span> <span class='ocrx_word' id='word_1_122' title='bbox 467 2104 588 2161; x_wconf 88' lang='lat' dir='ltr'><strong>sanctus</strong></span> <span class='ocrx_word' id='word_1_123' title='bbox 603 2096 752 2180; x_wconf 81' lang='lat' dir='ltr'><strong>Sulpicius</strong></span> <span class='ocrx_word' id='word_1_124' title='bbox 766 2095 962 2159; x_wconf 89' lang='lat' dir='ltr'><strong>Bituricensis</strong></span> <span class='ocrx_word' id='word_1_125' title='bbox 972 2095 1209 2180; x_wconf 85' lang='lat' dir='ltr'><strong>archiepiscopus</strong></span> <span class='ocrx_word' id='word_1_126' title='bbox 1225 2102 1255 2158; x_wconf 92' lang='lat' dir='ltr'><strong>et</strong></span> <span class='ocrx_word' id='word_1_127' title='bbox 1270 2095 1403 2160; x_wconf 82' lang='lat' dir='ltr'><strong>Asedius</strong></span> <span class='ocrx_word' id='word_1_128' title='bbox 1414 2095 1445 2158; x_wconf 91' lang='lat' dir='ltr'><strong>in</strong></span> 
     </span>
     <span class='ocr_line' id='line_1_17' title="bbox 343 2196 1441 2282; baseline -0.002 -20"><span class='ocrx_word' id='word_1_129' title='bbox 343 2221 420 2282; x_wconf 90' lang='lat' dir='ltr'><strong>pago</strong></span> <span class='ocrx_word' id='word_1_130' title='bbox 450 2198 635 2275; x_wconf 73' lang='lat' dir='ltr'><strong>bisernensi,</strong></span> <span class='ocrx_word' id='word_1_131' title='bbox 658 2197 804 2260; x_wconf 88' lang='lat' dir='ltr'><strong>clamante</strong></span> <span class='ocrx_word' id='word_1_132' title='bbox 833 2196 991 2274; x_wconf 83' lang='lat' dir='ltr'><strong>daemonic,</strong></span> <span class='ocrx_word' id='word_1_133' title='bbox 1022 2203 1043 2231; x_wconf 92' lang='lat'><strong><em>“</em></strong></span> <span class='ocrx_word' id='word_1_134' title='bbox 1054 2197 1181 2274; x_wconf 82' lang='lat' dir='ltr'><strong>Currite,</strong></span> <span class='ocrx_word' id='word_1_135' title='bbox 1208 2197 1297 2273; x_wconf 84' lang='lat' dir='ltr'><strong>cives,</strong></span> <span class='ocrx_word' id='word_1_136' title='bbox 1328 2197 1441 2272; x_wconf 84' lang='lat' dir='ltr'><strong>exilite,</strong></span> 
     </span>
     <span class='ocr_line' id='line_1_18' title="bbox 341 2297 1440 2384; baseline -0.001 -21"><span class='ocrx_word' id='word_1_137' title='bbox 341 2300 456 2384; x_wconf 90' lang='lat' dir='ltr'><strong>populi,</strong></span> <span class='ocrx_word' id='word_1_138' title='bbox 468 2299 587 2364; x_wconf 81' lang='lat' dir='ltr'><strong>obviam</strong></span> <span class='ocrx_word' id='word_1_139' title='bbox 600 2298 777 2383; x_wconf 82' lang='lat' dir='ltr'><strong>martyribus</strong></span> <span class='ocrx_word' id='word_1_140' title='bbox 792 2304 822 2361; x_wconf 88' lang='lat' dir='ltr'><strong>et</strong></span> <span class='ocrx_word' id='word_1_141' title='bbox 836 2297 1065 2376; x_wconf 76' lang='lat' dir='ltr'><strong>confessoribus,</strong></span> <span class='ocrx_word' id='word_1_142' title='bbox 1074 2297 1095 2326; x_wconf 89' lang='lat'><strong>&#39;&#39;</strong></span> <span class='ocrx_word' id='word_1_143' title='bbox 1105 2298 1266 2382; x_wconf 87' lang='lat' dir='ltr'><strong>statimque</strong></span> <span class='ocrx_word' id='word_1_144' title='bbox 1280 2297 1440 2362; x_wconf 80' lang='lat' dir='ltr'><strong>daemoma</strong></span> 
     </span>
     <span class='ocr_line' id='line_1_19' title="bbox 344 2398 1443 2482; baseline -0.003 -18"><span class='ocrx_word' id='word_1_145' title='bbox 344 2423 397 2465; x_wconf 91' lang='lat' dir='ltr'><strong>cns</strong></span> <span class='ocrx_word' id='word_1_146' title='bbox 417 2407 538 2466; x_wconf 88' lang='lat' dir='ltr'><strong>sanatus</strong></span> <span class='ocrx_word' id='word_1_147' title='bbox 561 2407 616 2464; x_wconf 88' lang='lat' dir='ltr'><strong>est.</strong></span> <span class='ocrx_word' id='word_1_148' title='bbox 670 2400 840 2464; x_wconf 76' lang='lat' dir='ltr'><strong>clotharius</strong></span> <span class='ocrx_word' id='word_1_149' title='bbox 854 2399 937 2463; x_wconf 87' lang='lat' dir='ltr'><strong>filius</strong></span> <span class='ocrx_word' id='word_1_150' title='bbox 963 2399 1121 2482; x_wconf 82' lang='lat' dir='ltr'><strong>Chilperici</strong></span> <span class='ocrx_word' id='word_1_151' title='bbox 1145 2400 1243 2463; x_wconf 84' lang='lat' dir='ltr'><strong>iactus</strong></span> <span class='ocrx_word' id='word_1_152' title='bbox 1267 2398 1443 2474; x_wconf 88' lang='lat' dir='ltr'><strong>monachus,</strong></span> 
     </span>
     <span class='ocr_line' id='line_1_20' title="bbox 344 2499 1443 2584; baseline -0.004 -19"><span class='ocrx_word' id='word_1_153' title='bbox 344 2501 566 2566; x_wconf 89' lang='lat' dir='ltr'><strong>Brunichildem</strong></span> <span class='ocrx_word' id='word_1_154' title='bbox 595 2502 679 2584; x_wconf 87' lang='lat' dir='ltr'><strong>equis</strong></span> <span class='ocrx_word' id='word_1_155' title='bbox 719 2501 895 2584; x_wconf 86' lang='lat' dir='ltr'><strong>discerptam</strong></span> <span class='ocrx_word' id='word_1_156' title='bbox 925 2501 996 2564; x_wconf 82' lang='lat' dir='ltr'><strong>lecit</strong></span> <span class='ocrx_word' id='word_1_157' title='bbox 1036 2500 1179 2578; x_wconf 89' lang='lat' dir='ltr'><strong>comburi,</strong></span> <span class='ocrx_word' id='word_1_158' title='bbox 1209 2500 1332 2564; x_wconf 89' lang='lat' dir='ltr'><strong>hortatu</strong></span> <span class='ocrx_word' id='word_1_159' title='bbox 1365 2499 1443 2564; x_wconf 90' lang='lat' dir='ltr'><strong>beati</strong></span> 
     </span>
    </p>
   </div>
   <div class='ocr_carea' id='block_1_9' title="bbox 341 2597 1512 2883">
    <p class='ocr_par' dir='ltr' id='par_1_9' title="bbox 341 2597 1512 2883">
     <span class='ocr_line' id='line_1_21' title="bbox 343 2597 1512 2686; baseline -0.003 -20"><span class='ocrx_word' id='word_1_160' title='bbox 343 2603 483 2666; x_wconf 87' lang='lat' dir='ltr'><strong>Audceni</strong></span> <span class='ocrx_word' id='word_1_161' title='bbox 499 2602 624 2667; x_wconf 88' lang='lat' dir='ltr'><strong>dicentis</strong></span> <span class='ocrx_word' id='word_1_162' title='bbox 638 2603 675 2665; x_wconf 91' lang='lat' dir='ltr'><strong>de</strong></span> <span class='ocrx_word' id='word_1_163' title='bbox 689 2602 881 2686; x_wconf 82' lang='lat' dir='ltr'><strong>Fridegunda</strong></span> <span class='ocrx_word' id='word_1_164' title='bbox 900 2602 954 2665; x_wconf 89' lang='lat' dir='ltr'><strong>tibi</strong></span> <span class='ocrx_word' id='word_1_165' title='bbox 972 2601 1138 2666; x_wconf 88' lang='lat' dir='ltr'><strong>subveniat.</strong></span> <span class='ocrx_word' id='word_1_166' title='bbox 1197 2601 1297 2666; x_wconf 85' lang='lat' dir='ltr'><strong>Olaret</strong></span> <span class='ocrx_word' id='word_1_167' title='bbox 1321 2608 1443 2665; x_wconf 88' lang='lat' dir='ltr'><strong>sanctus</strong></span> <span class='ocrx_word' id='word_1_168' title='bbox 1511 2597 1512 2634; x_wconf 73' lang='lat'>³</span> 
     </span>
     <span class='ocr_line' id='line_1_22' title="bbox 344 2702 1443 2787; baseline -0.003 -20"><span class='ocrx_word' id='word_1_169' title='bbox 344 2703 499 2767; x_wconf 83' lang='lat' dir='ltr'><strong>chanm</strong></span> <span class='ocrx_word' id='word_1_170' title='bbox 544 2703 793 2785; x_wconf 87' lang='lat' dir='ltr'><strong>Rothomagensis</strong></span> <span class='ocrx_word' id='word_1_171' title='bbox 831 2703 1088 2787; x_wconf 84' lang='lat' dir='ltr'><strong>Archiepiscopns.</strong></span> <span class='ocrx_word' id='word_1_172' title='bbox 1155 2702 1238 2767; x_wconf 81' lang='lat' dir='ltr'><strong>Sedit</strong></span> <span class='ocrx_word' id='word_1_173' title='bbox 1278 2702 1443 2785; x_wconf 85' lang='lat' dir='ltr'><strong>Gregorius</strong></span> 
     </span>
     <span class='ocr_line' id='line_1_23' title="bbox 341 2803 1443 2883; baseline -0.001 -16"><span class='ocrx_word' id='word_1_174' title='bbox 341 2803 445 2867; x_wconf 82' lang='lat' dir='ltr'><strong>chee</strong></span> <span class='ocrx_word' id='word_1_175' title='bbox 473 2804 562 2867; x_wconf 91' lang='lat' dir='ltr'><strong>annis</strong></span> <span class='ocrx_word' id='word_1_176' title='bbox 589 2806 640 2881; x_wconf 80' lang='lat'><strong>13,</strong></span> <span class='ocrx_word' id='word_1_177' title='bbox 672 2804 823 2866; x_wconf 87' lang='lat' dir='ltr'><strong>mensibus</strong></span> <span class='ocrx_word' id='word_1_178' title='bbox 847 2807 877 2883; x_wconf 85' lang='grc'><strong>6,</strong></span> <span class='ocrx_word' id='word_1_179' title='bbox 907 2804 1011 2868; x_wconf 91' lang='lat' dir='ltr'><strong>diebus</strong></span> <span class='ocrx_word' id='word_1_180' title='bbox 1028 2806 1088 2868; x_wconf 81' lang='lat'><strong>10:</strong></span> <span class='ocrx_word' id='word_1_181' title='bbox 1111 2803 1161 2868; x_wconf 90' lang='lat' dir='ltr'><strong>hic</strong></span> <span class='ocrx_word' id='word_1_182' title='bbox 1187 2825 1275 2868; x_wconf 92' lang='lat' dir='ltr'><strong>usum</strong></span> <span class='ocrx_word' id='word_1_183' title='bbox 1314 2805 1443 2868; x_wconf 81' lang='lat' dir='ltr'><strong>ecclesia</strong></span> 
     </span>
    </p>
   </div>
   <div class='ocr_carea' id='block_1_10' title="bbox 339 3000 1445 4173">
    <p class='ocr_par' dir='ltr' id='par_1_10' title="bbox 339 3000 1445 4173">
     <span class='ocr_line' id='line_1_24' title="bbox 341 3000 1442 3072; baseline -0.001 -19"><span class='ocrx_word' id='word_1_184' title='bbox 341 3000 424 3053; x_wconf 90' lang='lat' dir='ltr'><strong>hodie</strong></span> <span class='ocrx_word' id='word_1_185' title='bbox 432 3002 594 3055; x_wconf 83' lang='lat' dir='ltr'><strong>observatur.</strong></span> <span class='ocrx_word' id='word_1_186' title='bbox 632 3003 703 3054; x_wconf 87' lang='lat' dir='ltr'><strong>Nam</strong></span> <span class='ocrx_word' id='word_1_187' title='bbox 712 3003 844 3056; x_wconf 87' lang='lat' dir='ltr'><strong>catholico</strong></span> <span class='ocrx_word' id='word_1_188' title='bbox 854 3003 989 3068; x_wconf 80' lang='lat' dir='ltr'><strong>defuncto,</strong></span> <span class='ocrx_word' id='word_1_189' title='bbox 999 3003 1137 3056; x_wconf 82' lang='lat' dir='ltr'><strong>Armenici</strong></span> <span class='ocrx_word' id='word_1_190' title='bbox 1146 3001 1264 3072; x_wconf 86' lang='lat' dir='ltr'><strong>episcopi</strong></span> <span class='ocrx_word' id='word_1_191' title='bbox 1274 3010 1328 3054; x_wconf 88' lang='lat' dir='ltr'><strong>tres</strong></span> <span class='ocrx_word' id='word_1_192' title='bbox 1339 3002 1442 3072; x_wconf 88' lang='lat' dir='ltr'><strong>eligunt</strong></span> 
     </span>
     <span class='ocr_line' id='line_1_25' title="bbox 341 3086 1445 3157; baseline -0.001 -19"><span class='ocrx_word' id='word_1_193' title='bbox 341 3086 377 3139; x_wconf 87' lang='lat' dir='ltr'><strong>de</strong></span> <span class='ocrx_word' id='word_1_194' title='bbox 385 3087 456 3138; x_wconf 89' lang='lat' dir='ltr'><strong>illius</strong></span> <span class='ocrx_word' id='word_1_195' title='bbox 467 3105 575 3156; x_wconf 86' lang='lat' dir='ltr'><strong>genere,</strong></span> <span class='ocrx_word' id='word_1_196' title='bbox 588 3103 702 3156; x_wconf 85' lang='lat' dir='ltr'><strong>quorum</strong></span> <span class='ocrx_word' id='word_1_197' title='bbox 711 3087 821 3139; x_wconf 88' lang='lat' dir='ltr'><strong>nomina</strong></span> <span class='ocrx_word' id='word_1_198' title='bbox 831 3087 859 3138; x_wconf 90' lang='lat' dir='ltr'><strong>in</strong></span> <span class='ocrx_word' id='word_1_199' title='bbox 871 3087 968 3140; x_wconf 87' lang='lat' dir='ltr'><strong>chartis</strong></span> <span class='ocrx_word' id='word_1_200' title='bbox 976 3088 1121 3140; x_wconf 86' lang='lat' dir='ltr'><strong>scribentes</strong></span> <span class='ocrx_word' id='word_1_201' title='bbox 1131 3095 1235 3157; x_wconf 89' lang='lat' dir='ltr'><strong>ponunt</strong></span> <span class='ocrx_word' id='word_1_202' title='bbox 1243 3087 1357 3138; x_wconf 89' lang='lat' dir='ltr'><strong>nomina</strong></span> <span class='ocrx_word' id='word_1_203' title='bbox 1368 3103 1445 3156; x_wconf 85' lang='lat' dir='ltr'><strong>snper</strong></span> 
     </span>
     <span class='ocr_line' id='line_1_26' title="bbox 340 3172 1443 3242; baseline -0.002 -18"><span class='ocrx_word' id='word_1_204' title='bbox 340 3172 423 3224; x_wconf 83' lang='lat' dir='ltr'><strong>altare</strong></span> <span class='ocrx_word' id='word_1_205' title='bbox 435 3173 504 3224; x_wconf 88' lang='lat' dir='ltr'><strong>inter</strong></span> <span class='ocrx_word' id='word_1_206' title='bbox 515 3173 663 3242; x_wconf 85' lang='lat' dir='ltr'><strong>corporalia</strong></span> <span class='ocrx_word' id='word_1_207' title='bbox 675 3181 701 3224; x_wconf 91' lang='lat' dir='ltr'><strong>et</strong></span> <span class='ocrx_word' id='word_1_208' title='bbox 713 3172 812 3241; x_wconf 85' lang='lat' dir='ltr'><strong>pallam</strong></span> <span class='ocrx_word' id='word_1_209' title='bbox 826 3173 925 3224; x_wconf 88' lang='lat' dir='ltr'><strong>altaris.</strong></span> <span class='ocrx_word' id='word_1_210' title='bbox 962 3173 1067 3226; x_wconf 87' lang='lat' dir='ltr'><strong>Deinde</strong></span> <span class='ocrx_word' id='word_1_211' title='bbox 1080 3174 1218 3226; x_wconf 88' lang='lat' dir='ltr'><strong>ecclesiam</strong></span> <span class='ocrx_word' id='word_1_212' title='bbox 1232 3173 1407 3224; x_wconf 86' lang='lat' dir='ltr'><strong>observantes</strong></span> <span class='ocrx_word' id='word_1_213' title='bbox 1420 3181 1443 3223; x_wconf 89' lang='lat' dir='ltr'><strong>et</strong></span> 
     </span>
     <span class='ocr_line' id='line_1_27' title="bbox 343 3256 1437 3328; baseline -0.001 -19"><span class='ocrx_word' id='word_1_214' title='bbox 343 3257 411 3309; x_wconf 87' lang='lat' dir='ltr'><strong>ostia</strong></span> <span class='ocrx_word' id='word_1_215' title='bbox 430 3257 584 3326; x_wconf 82' lang='lat' dir='ltr'><strong>sigillantes,</strong></span> <span class='ocrx_word' id='word_1_216' title='bbox 598 3257 701 3328; x_wconf 90' lang='lat' dir='ltr'><strong>jejunia</strong></span> <span class='ocrx_word' id='word_1_217' title='bbox 718 3264 745 3308; x_wconf 94' lang='lat' dir='ltr'><strong>et</strong></span> <span class='ocrx_word' id='word_1_218' title='bbox 760 3257 891 3308; x_wconf 86' lang='lat' dir='ltr'><strong>orationes</strong></span> <span class='ocrx_word' id='word_1_219' title='bbox 909 3274 957 3326; x_wconf 90' lang='lat' dir='ltr'><strong>per</strong></span> <span class='ocrx_word' id='word_1_220' title='bbox 974 3257 1111 3308; x_wconf 88' lang='lat' dir='ltr'><strong>universas</strong></span> <span class='ocrx_word' id='word_1_221' title='bbox 1134 3256 1283 3325; x_wconf 88' lang='lat' dir='ltr'><strong>provincias</strong></span> <span class='ocrx_word' id='word_1_222' title='bbox 1307 3257 1437 3308; x_wconf 86' lang='lat' dir='ltr'><strong>indicunt</strong></span> 
     </span>
     <span class='ocr_line' id='line_1_28' title="bbox 339 3341 1440 3412; baseline 0 -20"><span class='ocrx_word' id='word_1_223' title='bbox 339 3341 460 3397; x_wconf 84' lang='lat' dir='ltr'><strong>Tandem</strong></span> <span class='ocrx_word' id='word_1_224' title='bbox 473 3343 515 3394; x_wconf 90' lang='lat' dir='ltr'><strong>die</strong></span> <span class='ocrx_word' id='word_1_225' title='bbox 528 3343 639 3412; x_wconf 87' lang='lat' dir='ltr'><strong>septima</strong></span> <span class='ocrx_word' id='word_1_226' title='bbox 650 3343 772 3394; x_wconf 87' lang='lat' dir='ltr'><strong>reseratis</strong></span> <span class='ocrx_word' id='word_1_227' title='bbox 785 3341 857 3394; x_wconf 87' lang='lat' dir='ltr'><strong>ostiis</strong></span> <span class='ocrx_word' id='word_1_228' title='bbox 870 3341 904 3392; x_wconf 89' lang='lat' dir='ltr'><strong>ad</strong></span> <span class='ocrx_word' id='word_1_229' title='bbox 917 3341 999 3393; x_wconf 86' lang='lat' dir='ltr'><strong>altare</strong></span> <span class='ocrx_word' id='word_1_230' title='bbox 1019 3341 1158 3404; x_wconf 90' lang='lat' dir='ltr'><strong>accedunt,</strong></span> <span class='ocrx_word' id='word_1_231' title='bbox 1178 3358 1266 3392; x_wconf 90' lang='lat' dir='ltr'><strong>secum</strong></span> <span class='ocrx_word' id='word_1_232' title='bbox 1291 3341 1440 3393; x_wconf 82' lang='lat' dir='ltr'><strong>deferentes</strong></span> 
     </span>
     <span class='ocr_line' id='line_1_29' title="bbox 339 3425 1440 3496; baseline -0.002 -18"><span class='ocrx_word' id='word_1_233' title='bbox 339 3426 481 3495; x_wconf 86' lang='lat' dir='ltr'><strong>parvulum</strong></span> <span class='ocrx_word' id='word_1_234' title='bbox 494 3427 600 3488; x_wconf 87' lang='lat' dir='ltr'><strong>trinum,</strong></span> <span class='ocrx_word' id='word_1_235' title='bbox 621 3434 647 3478; x_wconf 93' lang='lat' dir='ltr'><strong>et</strong></span> <span class='ocrx_word' id='word_1_236' title='bbox 663 3428 740 3496; x_wconf 88' lang='lat' dir='ltr'><strong>cujus</strong></span> <span class='ocrx_word' id='word_1_237' title='bbox 758 3443 855 3478; x_wconf 92' lang='lat' dir='ltr'><strong>nomen</strong></span> <span class='ocrx_word' id='word_1_238' title='bbox 875 3425 963 3480; x_wconf 86' lang='lat' dir='ltr'><strong>inlana</strong></span> <span class='ocrx_word' id='word_1_239' title='bbox 981 3427 1015 3478; x_wconf 92' lang='lat' dir='ltr'><strong>ab</strong></span> <span class='ocrx_word' id='word_1_240' title='bbox 1035 3426 1113 3478; x_wconf 88' lang='lat' dir='ltr'><strong>altari</strong></span> <span class='ocrx_word' id='word_1_241' title='bbox 1131 3427 1217 3494; x_wconf 91' lang='lat' dir='ltr'><strong>primo</strong></span> <span class='ocrx_word' id='word_1_242' title='bbox 1236 3426 1384 3488; x_wconf 87' lang='lat' dir='ltr'><strong>sustulerit,</strong></span> <span class='ocrx_word' id='word_1_243' title='bbox 1399 3426 1440 3477; x_wconf 88' lang='lat' dir='ltr'><strong>hic</strong></span> 
     </span>
     <span class='ocr_line' id='line_1_30' title="bbox 342 3509 1438 3580; baseline 0 -18"><span class='ocrx_word' id='word_1_244' title='bbox 342 3509 399 3562; x_wconf 87' lang='lat' dir='ltr'><strong>sine</strong></span> <span class='ocrx_word' id='word_1_245' title='bbox 412 3509 503 3578; x_wconf 86' lang='lat' dir='ltr'><strong>ulique</strong></span> <span class='ocrx_word' id='word_1_246' title='bbox 519 3510 726 3562; x_wconf 84' lang='lat' dir='ltr'><strong>contradictione</strong></span> <span class='ocrx_word' id='word_1_247' title='bbox 738 3512 856 3563; x_wconf 91' lang='lat' dir='ltr'><strong>omnium</strong></span> <span class='ocrx_word' id='word_1_248' title='bbox 870 3511 969 3580; x_wconf 86' lang='lat' dir='ltr'><strong>pariter</strong></span> <span class='ocrx_word' id='word_1_249' title='bbox 981 3527 1088 3562; x_wconf 84' lang='lat' dir='ltr'><strong>assensu</strong></span> <span class='ocrx_word' id='word_1_250' title='bbox 1101 3511 1245 3563; x_wconf 88' lang='lat' dir='ltr'><strong>catholicus</strong></span> <span class='ocrx_word' id='word_1_251' title='bbox 1260 3512 1438 3564; x_wconf 87' lang='lat' dir='ltr'><strong>constituitur.</strong></span> 
     </span>
     <span class='ocr_line' id='line_1_31' title="bbox 343 3593 1440 3664; baseline 0.001 -20"><span class='ocrx_word' id='word_1_252' title='bbox 343 3593 435 3645; x_wconf 89' lang='lat' dir='ltr'><strong>Utitur</strong></span> <span class='ocrx_word' id='word_1_253' title='bbox 446 3610 550 3661; x_wconf 89' lang='lat' dir='ltr'><strong>semper</strong></span> <span class='ocrx_word' id='word_1_254' title='bbox 562 3610 626 3647; x_wconf 87' lang='lat' dir='ltr'><strong>auro</strong></span> <span class='ocrx_word' id='word_1_255' title='bbox 639 3595 719 3647; x_wconf 82' lang='lat' dir='ltr'><strong>textis</strong></span> <span class='ocrx_word' id='word_1_256' title='bbox 733 3594 897 3647; x_wconf 89' lang='lat' dir='ltr'><strong>indumentis</strong></span> <span class='ocrx_word' id='word_1_257' title='bbox 910 3595 1043 3664; x_wconf 87' lang='lat' dir='ltr'><strong>lapidibus</strong></span> <span class='ocrx_word' id='word_1_258' title='bbox 1055 3595 1179 3663; x_wconf 87' lang='lat' dir='ltr'><strong>pretiosis</strong></span> <span class='ocrx_word' id='word_1_259' title='bbox 1192 3593 1313 3663; x_wconf 87' lang='lat' dir='ltr'><strong>undique</strong></span> <span class='ocrx_word' id='word_1_260' title='bbox 1328 3596 1440 3647; x_wconf 86' lang='lat' dir='ltr'><strong>insertis.</strong></span> 
     </span>
     <span class='ocr_line' id='line_1_32' title="bbox 344 3677 1441 3749; baseline 0 -19"><span class='ocrx_word' id='word_1_261' title='bbox 344 3677 460 3730; x_wconf 86' lang='lat' dir='ltr'><strong>Pellium</strong></span> <span class='ocrx_word' id='word_1_262' title='bbox 477 3695 544 3738; x_wconf 69' lang='lat' dir='ltr'><strong>sero</strong></span> <span class='ocrx_word' id='word_1_263' title='bbox 559 3695 637 3730; x_wconf 91' lang='lat' dir='ltr'><strong>snum</strong></span> <span class='ocrx_word' id='word_1_264' title='bbox 657 3697 673 3730; x_wconf 88' lang='lat' dir='ltr'><strong>a</strong></span> <span class='ocrx_word' id='word_1_265' title='bbox 690 3680 812 3732; x_wconf 86' lang='lat' dir='ltr'><strong>Romano</strong></span> <span class='ocrx_word' id='word_1_266' title='bbox 829 3680 956 3749; x_wconf 86' lang='lat' dir='ltr'><strong>pontifice</strong></span> <span class='ocrx_word' id='word_1_267' title='bbox 973 3679 1093 3748; x_wconf 86' lang='lat' dir='ltr'><strong>accipere</strong></span> <span class='ocrx_word' id='word_1_268' title='bbox 1112 3679 1256 3742; x_wconf 88' lang='lat' dir='ltr'><strong>consuevit,</strong></span> <span class='ocrx_word' id='word_1_269' title='bbox 1271 3680 1345 3749; x_wconf 84' lang='lat' dir='ltr'><strong>quod</strong></span> <span class='ocrx_word' id='word_1_270' title='bbox 1360 3680 1385 3732; x_wconf 86' lang='lat' dir='ltr'><strong>ei</strong></span> <span class='ocrx_word' id='word_1_271' title='bbox 1395 3696 1441 3749; x_wconf 87' lang='lat' dir='ltr'><strong>per</strong></span> 
     </span>
     <span class='ocr_line' id='line_1_33' title="bbox 341 3762 1439 3816; baseline -0.002 0"><span class='ocrx_word' id='word_1_272' title='bbox 341 3762 507 3816; x_wconf 87' lang='lat' dir='ltr'><strong>cardinalem</strong></span> <span class='ocrx_word' id='word_1_273' title='bbox 520 3762 648 3814; x_wconf 83' lang='lat' dir='ltr'><strong>Romanae</strong></span> <span class='ocrx_word' id='word_1_274' title='bbox 662 3763 732 3814; x_wconf 89' lang='lat' dir='ltr'><strong>sedis</strong></span> <span class='ocrx_word' id='word_1_275' title='bbox 745 3764 923 3816; x_wconf 88' lang='lat' dir='ltr'><strong>transmittere</strong></span> <span class='ocrx_word' id='word_1_276' title='bbox 932 3772 1015 3816; x_wconf 90' lang='lat' dir='ltr'><strong>curat.</strong></span> <span class='ocrx_word' id='word_1_277' title='bbox 1052 3764 1179 3816; x_wconf 83' lang='lat' dir='ltr'><strong>Armenia</strong></span> <span class='ocrx_word' id='word_1_278' title='bbox 1189 3782 1251 3815; x_wconf 91' lang='lat' dir='ltr'><strong>vero</strong></span> <span class='ocrx_word' id='word_1_279' title='bbox 1261 3763 1351 3816; x_wconf 87' lang='lat' dir='ltr'><strong>minor</strong></span> <span class='ocrx_word' id='word_1_280' title='bbox 1359 3764 1439 3816; x_wconf 88' lang='lat' dir='ltr'><strong>habet</strong></span> 
     </span>
     <span class='ocr_line' id='line_1_34' title="bbox 341 3846 1440 3916; baseline 0.001 -17"><span class='ocrx_word' id='word_1_281' title='bbox 341 3848 370 3899; x_wconf 89' lang='lat' dir='ltr'><strong>in</strong></span> <span class='ocrx_word' id='word_1_282' title='bbox 381 3847 575 3916; x_wconf 88' lang='lat' dir='ltr'><strong>longitudinem</strong></span> <span class='ocrx_word' id='word_1_283' title='bbox 593 3846 722 3899; x_wconf 85' lang='lat' dir='ltr'>XXVIII</span> <span class='ocrx_word' id='word_1_284' title='bbox 734 3847 853 3911; x_wconf 87' lang='lat' dir='ltr'><strong>diurnas,</strong></span> <span class='ocrx_word' id='word_1_285' title='bbox 876 3847 961 3900; x_wconf 88' lang='lat' dir='ltr'><strong>silicet</strong></span> <span class='ocrx_word' id='word_1_286' title='bbox 981 3849 1014 3900; x_wconf 89' lang='lat' dir='ltr'><strong>ab</strong></span> <span class='ocrx_word' id='word_1_287' title='bbox 1032 3847 1159 3901; x_wconf 86' lang='lat' dir='ltr'><strong>Anthalia</strong></span> <span class='ocrx_word' id='word_1_288' title='bbox 1177 3863 1261 3916; x_wconf 88' lang='lat' dir='ltr'><strong>usque</strong></span> <span class='ocrx_word' id='word_1_289' title='bbox 1281 3848 1440 3908; x_wconf 76' lang='lat' dir='ltr'><strong>Horoncala</strong></span> 
     </span>
     <span class='ocr_line' id='line_1_35' title="bbox 340 3931 1439 3995; baseline -0.003 -11"><span class='ocrx_word' id='word_1_290' title='bbox 340 3932 389 3984; x_wconf 87' lang='lat' dir='ltr'><strong>ubi</strong></span> <span class='ocrx_word' id='word_1_291' title='bbox 421 3931 569 3984; x_wconf 88' lang='lat' dir='ltr'><strong>catholicon</strong></span> <span class='ocrx_word' id='word_1_292' title='bbox 604 3931 685 3982; x_wconf 88' lang='lat' dir='ltr'><strong>sedet.</strong></span> <span class='ocrx_word' id='word_1_293' title='bbox 733 3931 766 3982; x_wconf 92' lang='lat' dir='ltr'><strong>In</strong></span> <span class='ocrx_word' id='word_1_294' title='bbox 791 3931 931 3983; x_wconf 89' lang='lat' dir='ltr'><strong>latitudine</strong></span> <span class='ocrx_word' id='word_1_295' title='bbox 954 3931 1036 3984; x_wconf 89' lang='lat' dir='ltr'><strong>habet</strong></span> <span class='ocrx_word' id='word_1_296' title='bbox 1056 3932 1130 3984; x_wconf 91' lang='lat' dir='ltr'><strong>Xlll</strong></span> <span class='ocrx_word' id='word_1_297' title='bbox 1153 3931 1272 3995; x_wconf 86' lang='lat' dir='ltr'><strong>diurnas,</strong></span> <span class='ocrx_word' id='word_1_298' title='bbox 1299 3931 1401 3984; x_wconf 87' lang='lat' dir='ltr'><strong>scilicet</strong></span> <span class='ocrx_word' id='word_1_299' title='bbox 1425 3948 1439 3981; x_wconf 83' lang='lat' dir='ltr'><strong>a</strong></span> 
     </span>
     <span class='ocr_line' id='line_1_36' title="bbox 341 4013 1440 4086; baseline -0.001 -17"><span class='ocrx_word' id='word_1_300' title='bbox 341 4016 450 4069; x_wconf 82' lang='lat' dir='ltr'><strong>castello</strong></span> <span class='ocrx_word' id='word_1_301' title='bbox 463 4016 582 4067; x_wconf 82' lang='lat' dir='ltr'><strong>Pacavnz</strong></span> <span class='ocrx_word' id='word_1_302' title='bbox 592 4032 673 4084; x_wconf 88' lang='lat' dir='ltr'><strong>prope</strong></span> <span class='ocrx_word' id='word_1_303' title='bbox 686 4015 858 4066; x_wconf 80' lang='lat' dir='ltr'><strong>Antiochiam</strong></span> <span class='ocrx_word' id='word_1_304' title='bbox 870 4032 954 4085; x_wconf 86' lang='lat' dir='ltr'><strong>usque</strong></span> <span class='ocrx_word' id='word_1_305' title='bbox 967 4015 1001 4068; x_wconf 86' lang='lat' dir='ltr'><strong>ad</strong></span> <span class='ocrx_word' id='word_1_306' title='bbox 1011 4017 1158 4069; x_wconf 84' lang='lat' dir='ltr'><strong>Caesaream</strong></span> <span class='ocrx_word' id='word_1_307' title='bbox 1166 4031 1292 4086; x_wconf 86' lang='lat' dir='ltr'><strong>magnam</strong></span> <span class='ocrx_word' id='word_1_308' title='bbox 1303 4013 1440 4086; x_wconf 85' lang='lat' dir='ltr'><strong>Cappado-</strong></span> 
     </span>
     <span class='ocr_line' id='line_1_37' title="bbox 342 4099 886 4173; baseline -0.002 -20"><span class='ocrx_word' id='word_1_309' title='bbox 342 4100 390 4153; x_wconf 79' lang='lat' dir='ltr'><strong>ciae</strong></span> <span class='ocrx_word' id='word_1_310' title='bbox 402 4100 449 4152; x_wconf 85' lang='lat' dir='ltr'><strong>ubi</strong></span> <span class='ocrx_word' id='word_1_311' title='bbox 461 4116 575 4169; x_wconf 82' lang='lat' dir='ltr'><strong>magnus</strong></span> <span class='ocrx_word' id='word_1_312' title='bbox 586 4099 729 4173; x_wconf 81' lang='lat' dir='ltr'><strong>requiescit</strong></span> <span class='ocrx_word' id='word_1_313' title='bbox 743 4099 886 4152; x_wconf 86' lang='lat' dir='ltr'><strong>Basilius.”</strong></span> 
     </span>
    </p>
   </div>
   <div class='ocr_carea' id='block_1_11' title="bbox 0 0 1526 5134">
    <p class='ocr_par' dir='ltr' id='par_1_11' title="bbox 0 0 1526 5134">
     <span class='ocr_line' id='line_1_38' title="bbox 0 0 1526 5134; baseline 0 0"><span class='ocrx_word' id='word_1_314' title='bbox 0 0 1526 5134; x_wconf 95' lang='lat' dir='ltr'><strong> </strong></span> 
     </span>
    </p>
   </div>
  </div>
 </body>
</html>
