3042 5134
468 516 661 580 Canonroou
704 511 751 577 II.
1123 511 1184 573 121

87 672 204 750 Abdon,
221 680 252 736 et
269 671 393 735 Sennes.
434 667 511 754 [sed
527 674 559 732 et
578 667 626 732 hic
640 667 715 730 latet
729 665 836 752 anguis
851 665 883 729 in
897 662 1015 748 herba]
1054 662 1185 728 Heresis

85 776 169 839 latrat
183 773 366 850 Novatiana,
384 795 450 856 quae
465 770 675 855 rebaptizabat.
721 769 849 834 Sanctus
872 767 1032 832 Gratianus
1055 768 1185 832 mittitur

84 878 241 948 Turonem,
265 883 296 940 et
310 875 386 939 sedit
407 874 519 959 primus
539 873 581 937 ibi
596 874 751 958 episcopus
768 893 846 936 anuo
868 871 895 934 l.
942 871 1053 934 Decius
1073 869 1182 934 occidi-

87 988 135 1044 tur
163 1003 181 1044 a
204 978 354 1054 Barbaria,
378 977 464 1041 aliter
489 983 591 1040 tamen
624 977 771 1061 repetitur
801 976 834 1038 in
857 974 980 1038 historia
1003 973 1083 1039 beati
1109 972 1188 1038 Lau-

89 1083 185 1146 rentii.

126 1183 352 1248 VMOOCCLI.
396 1183 519 1246 Dacius
534 1201 711 1245 rnrnaavrr
724 1201 814 1244 anno
831 1179 856 1258 1,
874 1200 1000 1244 xnvnnx
1014 1199 1159 1244 neamus.

127 1286 235 1350 Gallus
264 1285 452 1350 Hostilianas
476 1306 546 1348 curn
570 1283 635 1347 filio
657 1282 823 1346 Volusiano
853 1283 986 1367 imperat.
1041 1282 1186 1366 Origenes

50 1443 53 1451 .
84 1389 159 1474 'Pyro
188 1389 341 1474 sepelitur,
371 1397 442 1472 post
481 1394 609 1451 mortem
645 1386 917 1451 excommunicatus
946 1393 1078 1470 tempore
1107 1384 1186 1448 beati

90 1492 255 1576 Jeronymi.

128 1593 389 1659 VMCCCCLIH.
435 1593 563 1657 Gaurus
587 1576 759 1657 inruaavrr
780 1613 878 1656 annas
902 1591 947 1670 ΙΙ,
971 1611 1074 1656 ninius
1100 1590 1185 1654 Gon-

592 1715 696 1759 oraru.

129 1799 243 1864 Octava
267 1799 306 1864 iit
320 1799 510 1886 peraequatio
530 1799 563 1863 in
578 1798 761 1862 Christianos
782 1821 799 1862 a
815 1797 981 1875 Valeriano,
998 1796 1049 1882 qui
1068 1803 1186 1860 sanctos

88 1900 143 1965 Dei
156 1903 199 1966 ita
213 1903 311 1987 primo
326 1900 529 1978 venerabatur,
554 1908 588 1964 ut
602 1902 709 1965 domus
731 1903 795 1985 ejus
811 1901 869 1964 Dei
883 1900 1005 1965 ecclesia
1020 1899 1184 1965 diceretur:

88 2005 137 2086 qui
151 2011 219 2088 post
234 2027 253 2068 a
268 2004 378 2089 Sapore
400 2025 468 2088 rege
488 2002 645 2067 Persarum
664 2010 768 2087 captus
785 2002 993 2066 miserabiliter
1021 2000 1186 2066 cousenivit

86 2114 115 2168 et
128 2106 250 2170 acclinis
266 2106 350 2170 humi
364 2127 464 2190 regem
480 2127 671 2169 ascensurum
687 2127 748 2168 non
765 2104 914 2181 manibus,
937 2103 989 2168 sed
1006 2104 1093 2168 dorso
1108 2124 1185 2186 equo

86 2207 241 2272 attolleret.
301 2207 415 2272 Eodem
436 2230 513 2272 auno
541 2229 600 2291 quo
629 2207 804 2271 Valerianus
831 2213 935 2291 captus
962 2213 1015 2283 est,
1041 2213 1071 2269 et
1092 2205 1185 2271 Galli-

86 2316 157 2372 ends
171 2309 271 2374 Caesar
285 2309 390 2374 iactus·
436 2309 548 2374 Paulus
563 2309 684 2373 eremita
698 2309 719 2372 J
721 2309 912 2394 erosolymam
928 2309 1003 2393 petit
1023 2311 1080 2372 160
1106 2329 1184 2370 anno
1201 2363 1204 2370 .

87 2411 156 2476 vitae
174 2435 246 2476 suae.
292 2413 457 2497 Cyprianus
478 2412 719 2496 Carthaginensis
740 2434 866 2496 magnus
890 2411 993 2476 doctor
1016 2433 1078 2474 non
1092 2411 1186 2494 magis

86 2523 253 2579 coronatus.
299 2515 390 2579 Passo
410 2514 540 2579 Pabiano
561 2514 639 2578 sedit
653 2513 807 2578 Cornelius
826 2513 911 2577 annis
935 2516 964 2586 3,
979 2511 1130 2576 mensibus
1157 2516 1186 2584 2,
1236 2501 1238 2506 ⁸

88 2614 190 2680 diebus
221 2620 274 2682 10.
319 2617 430 2681 Adhuc
459 2624 564 2681 extant
593 2617 726 2702 epistolae
752 2616 901 2702 Cypriani.
948 2615 1007 2679 Hic
1033 2614 1188 2679 transtulit

88 2738 207 2802 corpora
222 2720 304 2785 Petri
320 2727 351 2784 et
364 2720 461 2784 Pauli.
517 2719 671 2784 Gallienus
686 2720 861 2785 Christianis
884 2741 985 2806 pacem
1002 2717 1139 2797 reddidit,
1159 2725 1190 2782 et

91 2828 159 2904 post
174 2822 356 2888 Mediolanis
370 2822 544 2887 interiectus
559 2831 613 2886 est.

130 2921 478 2990 VMCOCCLXVIIL
525 2926 724 2989 Ganarnnus
748 2945 791 2988 nr
808 2921 1030 2988 Vananranus
1046 2943 1188 2987 turnan-

88 3045 227 3091 vanuum
249 3025 316 3092 XV
338 3049 466 3092 annis:
494 3027 693 3092 Gacurnrvus
714 3047 824 3090 riorus
847 3028 956 3091 Gaunr
974 3047 1085 3090 aaran
1102 3046 1189 3089 ascr-

44 3137 48 3141 '
89 3145 149 3192 rus
169 3151 213 3194 aa
229 3152 320 3195 arno.

142 3231 291 3298 Claudius
319 3233 437 3298 Gothos
461 3233 499 3298 ab
529 3233 651 3318 Illyrico
676 3231 801 3316 expulit,
825 3231 868 3296 illi
892 3231 1005 3318 clipeus
1031 3239 1060 3294 et
1087 3236 1186 3294 statua

86 3335 231 3414 equestris
243 3341 275 3399 et
286 3358 367 3400 arma
382 3335 494 3400 suntin
509 3337 591 3400 curia
605 3335 711 3398 locata.
758 3333 839 3397 Huic
859 3334 1003 3398 successit
1020 3331 1187 3397 Quintillus

85 3430 185 3513 frater,
202 3437 290 3501 Vllo
312 3439 360 3502 die
383 3440 508 3503 occisus.
553 3438 658 3501 Latrat
674 3437 794 3500 haeresis
809 3436 952 3524 Pauliana
968 3435 1068 3500 dicens
1084 3434 1187 3498 Chris-

87 3545 152 3598 tum
168 3560 230 3604 non
246 3563 363 3626 semper
377 3540 477 3605 fuisse.
502 3539 639 3625 Synodus
655 3539 848 3624 Angeritana,
865 3541 914 3603 cui
927 3539 1064 3603 interluit
1079 3537 1188 3603 Vitalis

90 3639 312 3719 Antiochenus,
328 3642 502 3708 celebratur.

128 3739 295 3809 Ceronius
311 3764 598 3809 1unaaavrraxu1s
616 3743 660 3821 II,
677 3764 782 3807 r1u1us
798 3744 972 3808 Gratiani.

138 3846 322 3910 Aurelianus
337 3848 382 3910 vir
397 3847 533 3911 militaris
549 3845 692 3911 Gothiam
708 3852 738 3909 et
754 3846 868 3931 Syriam
892 3845 1073 3909 vindicavit:
1097 3844 1191 3929 primo

91 3939 148 4007 luit
171 3947 355 4015 Catholicus.
411 3951 580 4015 Concilium
603 3951 642 4014 lit
664 3951 841 4015 Antiochiae.
885 3950 976 4013 Nona
1004 3948 1193 4034 persequutio

86 4041 124 4107 fit
146 4047 180 4112 in
205 4051 402 4117 Christianos.
449 4053 539 4118 Passa
562 4059 608 4117 est
634 4061 735 4116 sancta
761 4052 918 4116 Columba.
966 4051 1026 4115 Hic
1047 4050 1191 4134 Lugduni

87 4165 194 4232 corpus
217 4152 307 4218 Pilati
330 4153 477 4219 Rhodano
499 4153 636 4231 extraxit,
660 4161 690 4217 et
712 4163 828 4238 portam
852 4153 1022 4218 orientalem
1044 4153 1192 4247 daemonio

625 4257 665 4317 16
