3042 5134
578 562 771 625 Crruovrcos'
810 558 837 625 I.
1184 564 1224 624 23

165 756 240 799 suos
256 735 363 813 malus,
379 740 410 799 ct
435 736 467 799 in
481 759 513 799 sc
526 736 627 821 ipsum
642 739 799 822 pessimus,
815 734 973 823 parricidio
998 734 1100 799 matris
1125 739 1155 797 ct
1181 734 1226 797 in-

164 846 252 901 cestu
277 860 411 902 sororum
427 844 459 902 et
484 840 579 903 multa
603 840 684 903 coede
707 840 828 918 civium,
844 862 861 902 a
875 844 981 903 senatu
1004 836 1156 921 judicatus
1182 842 1228 900 est

165 963 231 1002 esse
245 939 387 1023 publicus
406 940 512 1004 hostis.
569 942 674 1012 Quum
688 964 770 1026 ergo,
786 942 871 1005 malis
887 940 999 1005 meritis
1014 940 1077 1003 suis
1092 939 1228 1021 urgenti-

167 1041 237 1119 bus,
252 1064 316 1105 nou
341 1043 488 1105 inveniret
502 1042 552 1106 cui
567 1065 598 1106 se
612 1043 710 1129 ipsum
726 1044 844 1108 credere
858 1049 969 1128 posset,
989 1041 1069 1124 fugit
1092 1040 1129 1103 ab
1147 1038 1229 1117 urbe,

167 1151 198 1207 et
214 1143 334 1207 sibimet
348 1166 470 1207 manum
480 1144 594 1227 injecit.
638 1145 686 1209 De
700 1145 786 1229 cujus
798 1152 893 1207 morte
908 1144 1003 1208 Βοωε
1018 1141 1165 1219 exultans,
1181 1141 1228 1205 in-

169 1246 245 1309 duta
259 1246 356 1330 pilula,
373 1258 515 1330 tauquam
531 1246 569 1311 dc
581 1248 669 1311 hoste
682 1247 893 1331 triumphavit.

214 1348 297 1412 Huic
332 1349 476 1411 successit
512 1348 618 1420 Galba,
648 1356 765 1413 creatus
795 1350 957 1433 imperator
996 1344 1029 1409 in
1068 1344 1227 1430 Hispania.

170 1450 335 1535 Imperavit
350 1454 369 1513 6
387 1450 579 1515 mensibuset
598 1451 723 1515 totidem
741 1450 856 1515 diebus.
880 1450 963 1514 Huic
978 1449 1121 1512 successit
1137 1447 1230 1524 Otho,

172 1559 279 1616 contra
294 1574 382 1636 quem
398 1552 550 1616 dimicavit
564 1551 724 1632 Vitellius3
747 1560 779 1616 et
794 1574 887 1635 quum
903 1574 972 1615 suos
987 1549 1066 1614 vinci
1081 1551 1114 1613 in
1128 1548 1231 1633 praelio

173 1654 299 1732 videret,
315 1676 347 1718 se
361 1654 460 1738 ipsum
474 1654 634 1734 interiecit,
655 1677 751 1738 quum
773 1676 835 1717 nou
855 1655 1028 1739 imperasset
1049 1651 1109 1715 nisi
1133 1649 1230 1714 tribus

172 1756 337 1819 mensibus.
386 1756 535 1820 Successit
548 1764 650 1821 autem
659 1757 688 1820 ei
698 1756 850 1835 Vitellius,
866 1756 918 1839 qui
933 1762 1034 1819 tamen
1048 1756 1066 1817 8
1078 1752 1231 1817 mensibus

173 1859 341 1942 imperavit.
364 1858 656 1942 Vespasianuseuim
666 1865 783 1922 creatus
793 1858 962 1943 imperator,
972 1856 1127 1921 Vitellium
1139 1856 1231 1918 iuter-

172 1960 244 2023 iccit
252 1960 336 2024 omni
346 1961 417 2023 vitio
427 1959 560 2044 plenum,
569 1960 833 2023 comessationibus
845 1968 875 2022 et
885 1957 1076 2023 ebrietatibus
1086 1956 1231 2021 deditum.

175 2060 379 2146 Vespasianus
393 2063 496 2146 itaque
510 2062 637 2145 adeptus
651 2070 697 2125 cst
712 2061 868 2145 imperium
884 2083 963 2125 anuo
979 2059 1016 2123 ab
1030 2059 1233 2123 incarnatione

173 2162 300 2227 Domini
316 2166 367 2241 71,
383 2171 413 2227 ct
429 2164 586 2247 imperavit
601 2163 687 2227 annis
702 2167 721 2227 9
736 2169 768 2227 ct
789 2162 893 2227 diebus
909 2166 961 2225 22.
978 2161 1050 2238 Iste,
1064 2161 1161 2224 factus
1175 2160 1233 2223 im·

175 2272 305 2349 perator,
325 2266 357 2327 in
369 2265 390 2329 J
391 2265 476 2329 ndoea
489 2264 591 2327 Titum
605 2264 703 2327 filium
718 2287 805 2329 suum
822 2263 989 2347 dereliquit,
1005 2262 1043 2325 ad
1058 2282 1234 2346 expugnau-

176 2367 252 2431 dum
266 2367 286 2430 J
288 2366 399 2431 udaeoe.
466 2365 515 2430 Ad
531 2389 606 2450 quos
621 2365 836 2450 expugnandos
851 2365 947 2428 lucrat
962 2365 1025 2447 ipse
1042 2363 1235 2426 transmissus

174 2480 310 2553 tempore
336 2468 475 2532 Neronis.
523 2469 570 2532 Ilo
594 2475 727 2553 tempore
749 2467 892 2531 intestina
906 2474 935 2529 et
951 2464 1049 2529 civilia
1064 2463 1141 2528 bella
1166 2486 1233 2549 age·

177 2570 288 2635 bantur
302 2570 334 2633 in
353 2569 560 2655 Herosolymis
584 2571 663 2633 inter
689 2570 838 2634 Joannem
860 2577 892 2632 et
917 2568 1089 2633 Simonem:
1113 2566 1164 2650 qui
1179 2566 1236 2629 viri

179 2672 396 2738 sceleratissimi
408 2672 554 2756 populum
584 2672 663 2736 inter
691 2694 724 2735 se
753 2660 922 2742 diviserant,
952 2676 983 2733 et
1010 2667 1237 2733 innumerabilia

177 2776 291 2839 scelera
305 2774 524 2859 perpetrabant.
550 2773 653 2844 Quum
668 2784 768 2837 autem
793 2773 841 2836 dic
867 2772 989 2837 Paschae
1016 2771 1233 2850 obsiderentur,

176 2883 285 2941 mutuo
308 2877 419 2940 foedcre
433 2882 575 2939 renovato
589 2882 690 2960 partes
712 2875 843 2939 adversae
858 2881 961 2938 ccutra
976 2874 1126 2937 Romanos
1141 2894 1235 2937 uuan-

176 2982 278 3045 imiter
306 2980 481 3064 prodierunt
493 3006 503 3057 3
524 2988 719 3043 veruntamen
745 2979 832 3043 Titus
861 2978 1029 3063 prevaluit,
1055 2986 1084 3041 et
1113 2977 1235 3041 tandem

84 3122 87 3129 -
174 3083 322 3168 triphcem
337 3104 458 3145 murum
473 3082 590 3166 irrupit,
606 3089 637 3145 et
651 3081 797 3164 populum
811 3082 843 3144 in
858 3102 908 3144 ore
921 3080 1012 3163 gladii
1025 3079 1195 3157 trucidavit,
1205 3084 1236 3142 et

175 3183 333 3268 Templum
349 3183 493 3261 incendit,
508 3191 540 3246 et
558 3184 637 3247 sacta
651 3182 803 3246 deditione
829 3182 977 3266 principes
1005 3180 1094 3265 oepit,
1122 3190 1153 3244 ct
1166 3180 1236 3243 infi-

176 3288 259 3351 nitos
273 3285 312 3349 de
327 3285 439 3369 populo
454 3285 614 3369 captivavit
629 3292 661 3348 et
679 3285 802 3349 occidit.
847 3285 931 3347 Dum
956 3282 1036 3346 enim
1050 3282 1160 3366 injuria
1174 3281 1235 3346 Dei

177 3389 387 3465 vindicaretur,
403 3386 526 3451 ecclesia
547 3386 616 3464 Dei,
632 3408 700 3469 quae
724 3393 788 3449 crat
815 3384 1040 3469 Hierosolymis,
1056 3393 1176 3469 accepto
1192 3384 1236 3447 di-

180 3490 251 3553 vino
266 3511 419 3572 responso,
437 3496 599 3551 secesserat
614 3488 734 3551 interim
750 3487 788 3551 ad
815 3486 927 3550 Pellam
944 3485 1098 3570 oppidum.
1155 3485 1235 3549 Reli-

182 3592 318 3675 quivero
335 3590 475 3674 discipuli
495 3597 525 3653 et
550 3590 687 3673 apostoli,
711 3590 765 3653 ubi
792 3598 886 3665 erant,
908 3589 1000 3653 libere
1025 3588 1237 3672 praedicabant.

180 3695 427 3758 consummatum
443 3702 488 3754 est
504 3692 596 3775 igitur
612 3691 724 3756 bellum
739 3699 841 3755 contra
858 3692 876 3755 J
882 3691 991 3769 udaeos,
1003 3692 1088 3755 annis
1100 3700 1236 3775 quatuor,

181 3792 300 3855 (luobus
316 3789 373 3853 sub
389 3790 521 3867 Nerone,
538 3796 568 3853 et
584 3789 702 3853 duobus
718 3798 831 3873 postea.
889 3790 1045 3853 Redeuntc
1062 3789 1155 3872 igitur
1169 3790 1238 3852 'lito

181 3895 318 3968 Romam,
335 3893 368 3954 in
383 3892 511 3975 singulis
527 3892 699 3955 civitatibus
715 3892 753 3955 ad
769 3891 956 3976 triumphum
971 3890 1111 3954 reservati
1126 3889 1146 3953 J
1151 3890 1237 3969 udaei,

181 3995 280 4079 aliquo
311 4015 419 4077 genere
438 3993 543 4057 mortis
569 3992 830 4057 consumebantur.
876 3993 1014 4075 Denique
1038 3991 1238 4075 Vespasianus

182 4108 212 4161 et
226 4098 314 4160 'litus
330 4117 399 4159 cum
414 4095 567 4178 triumpho
589 4096 714 4158 Romam
730 4096 858 4179 ingressi
885 4102 966 4159 sunt.
1033 4094 1239 4177 Vespasianus

183 4201 271 4277 cuim,
289 4198 401 4261 ventris
417 4198 513 4260 eluvie
527 4197 634 4275 lessus,
645 4199 817 4277 assurrexit,
834 4198 984 4281 inquienS,
1002 4202 1022 4231 “
1035 4197 1170 4261 Stantem
1183 4198 1239 4262 im-

185 4313 350 4392 peratorem
373 4300 514 4364 excedere
529 4300 617 4363 terris
632 4300 747 4363 dccet.’'
