3042 5134
574 557 763 623 Csaouroou
787 556 815 623 I.
1179 550 1220 611 25

153 733 336 813 inciderent,
371 733 559 819 punirentur.
603 733 738 801 cassan
764 733 858 819 igitur
881 732 915 797 in
943 739 1028 818 parte
1055 736 1216 821 quassatio,

155 859 332 921 quanquam
366 835 570 923 multipliciter
607 860 626 901 a
665 838 764 922 pravis
802 841 983 921 quareretur
1016 840 1216 923 persequendi

162 963 292 1005 occasio.

203 1042 336 1107 Simeoni
348 1042 566 1127 Hierosolymis
576 1041 718 1107 successit
730 1041 839 1107 suasus
850 1042 982 1109 nomina.
1027 1045 1073 1109 no
1084 1050 1218 1131 tempore

155 1143 341 1229 Polycarpus
356 1150 387 1208 et
401 1145 508 1228 Papias
518 1146 550 1209 in
562 1144 705 1229 religione
720 1144 890 1211 floruerunt
898 1172 908 1225 ς
943 1154 974 1211 et
989 1146 1009 1211 J
1011 1147 1090 1212 ndari
1104 1148 1216 1213 iterum

156 1246 338 1310 seditionem
378 1252 537 1311 moverunt
572 1245 730 1311 adversum
766 1246 939 1327 Romanos3
984 1268 1060 1333 qnos
1095 1249 1217 1316 Marcus

158 1348 262 1412 'Purbo
274 1347 433 1426 destruxit,
450 1354 481 1412 et
495 1349 609 1413 Lucius
625 1349 755 1420 Quietus
770 1350 804 1413 in
815 1349 1042 1435 Mesopotamia.

204 1451 334 1535 'lhajauo
374 1452 519 1515 successit
558 1452 659 1517 Allius
695 1452 848 1517 Adrianus
885 1474 965 1517 anno
1004 1452 1216 1519 iucarnationis

161 1550 288 1617 Domini
306 1553 699 1637 insumpseramus
721 1557 774 1619 sl.
819 1554 887 1620 Iste
910 1554 1075 1621 litterarum
1093 1556 1217 1621 scientia

157 1656 274 1741 peritus
295 1656 365 1733 init,
388 1661 419 1719 et
441 1665 544 1720 cautor
565 1663 597 1720 st
618 1656 725 1721 artifex
742 1658 891 1742 egregius.
928 1657 991 1723 [ste
1009 1658 1164 1724 interdixit
1179 1680 1217 1724 ne

160 1757 323 1824 Christiani
339 1759 403 1821 siue
414 1756 533 1843 objectu
543 1759 675 1823 criminis
686 1765 717 1823 et
727 1758 905 1844 probatione
916 1760 981 1845 ejus
997 1760 1216 1827 damnarentur.

159 1861 219 1925 Per
229 1883 299 1924 eum
309 1882 429 1945 quoque
439 1860 630 1925 nadiliaci
641 1868 687 1925 est
701 1862 917 1949 Hierosolyma,
928 1869 959 1927 et
967 1863 1047 1928 AElia
1060 1863 1217 1949 appellata.

160 1962 205 2027 Et
226 1962 420 2027 interdictum
442 1969 488 2027 est
508 1985 547 2027 ne
568 1963 669 2028 ludaei
688 1986 754 2028 eam
777 1965 1014 2050 ingrederentur,
1034 1966 1219 2031 habitatione

157 2087 301 2129 consessa
324 2065 511 2129 Christianis.
578 2064 669 2129 Unde
692 2066 808 2151 primns
833 2089 871 2131 ex
896 2066 1037 2151 gentibus
1061 2067 1216 2133 ordinatus

157 2173 207 2232 eat
242 2166 287 2230 ibi
314 2167 437 2231 Marcus
474 2168 639 2252 episcopus,
669 2190 763 2251 quum
798 2169 882 2254 prius
920 2190 956 2233 ex
993 2170 1217 2236 circumcisione

159 2276 282 2333 tantum
298 2268 494 2333 sumebantur
507 2269 649 2353 episcopi.
693 2269 830 2335 Fuerunt
839 2271 934 2354 igitur
946 2294 982 2335 ex
994 2271 1218 2337 circumcisione

159 2370 307 2449 Jacobus,
337 2371 467 2449 Simeon,
506 2371 625 2449 Justus,
663 2371 831 2450 Zaochaeus,
870 2372 1011 2450 Thomas,
1049 2373 1217 2457 Benjamin,

160 2473 307 2552 Joaunes,
328 2472 468 2551 biathias,
492 2474 663 2559 Philippus,
686 2475 817 2552 Simeon,
841 2474 960 2555 Justus,
981 2475 1066 2555 Levi,
1090 2476 1216 2555 anam,

160 2577 287 2662 Joseph,
303 2576 412 2655 Judas,
429 2578 481 2640 15.

205 2678 376 2743 Alexander
407 2677 565 2744 constitnit
596 2700 704 2763 aquam
732 2676 919 2743 benedictam
949 2678 1015 2744 lieri
1045 2686 1076 2746 et
1104 2680 1217 2766 spargi.

22 2822 26 2829 .
160 2782 239 2847 -Post
252 2803 322 2845 eum
337 2802 407 2845 vero
421 2780 499 2845 sedit
514 2781 617 2845 Sixtus
632 2782 772 2845 nomine:
796 2787 827 2845 et
841 2788 910 2866 post
924 2804 993 2847 enm
1008 2782 1218 2868 Telesphorus,

159 2886 214 2968 qni
244 2884 400 2949 constituit
430 2883 579 2968 jejunium
608 2886 628 2947 6
658 2883 912 2950 hebdomadarum
937 2892 1007 2951 ante
1032 2886 1157 2965 Pascha,
1185 2894 1216 2951 et

161 2987 196 3050 in
211 2986 317 3051 Natali
333 2986 455 3051 Domini
470 2986 590 3050 missam
606 2986 718 3051 cantari
733 2993 930 3072 pernoctem.

205 3089 245 3154 In
273 3089 457 3155 Alexandria
482 3089 626 3155 successit
649 3089 746 3174 primo
769 3090 879 3155 Justus
900 3090 1022 3155 nomine
1033 3117 1042 3168 3
1076 3096 1106 3155 et
1127 3090 1218 3157 Justo

162 3192 357 3271 Eumenides,
372 3198 476 3255 sextus
490 3190 530 3256 ab
544 3191 709 3277 Apostohs.

204 3295 292 3359 Circa
307 3317 342 3359 ea
354 3301 487 3379 tempera
501 3294 650 3360 Baroobas
664 3295 809 3360 mentitus
827 3300 873 3359 est
887 3317 919 3359 se
934 3294 971 3359 de
986 3294 1061 3359 ooelo
1079 3295 1220 3362 cecidisse

160 3398 245 3461 sidus
259 3420 403 3482 magnum
419 3396 458 3461 ad
479 3396 606 3461 salumin
627 3396 815 3477 iudaeorum,
831 3407 862 3462 et
876 3396 988 3461 multos
1009 3419 1110 3463 secum
1131 3399 1222 3465 traxit

163 3501 203 3567 ad
219 3501 388 3565 interitum.

203 3603 287 3667 AElio
302 3601 435 3665 Adriano
450 3600 594 3665 successit
609 3600 784 3665 Antoninus
805 3601 888 3681 Pina,
904 3624 984 3667 anno
1008 3603 1221 3669 incarnationis

160 3705 288 3772 Domini
304 3706 377 3768 130.
423 3702 484 3767 Hic
498 3703 557 3767 luit
573 3704 618 3767 vir
632 3704 838 3789 peritissimus,
854 3712 885 3769 et
899 3705 1057 3789 imperavit
1075 3706 1161 3771 aunis
1178 3710 1219 3771 20

160 3815 193 3871 et
223 3808 285 3871 lere
314 3806 411 3870 tribus
438 3804 603 3870 mensibus.
649 3806 752 3890 Hujus
791 3828 871 3871 curro
900 3809 1009 3892 primo,
1037 3808 1221 3893 Telesphoro

156 3912 266 3979 Romae
281 3908 423 3973 suecessit
438 3907 580 3992 Hyginus
589 3934 599 3987 ς
622 3914 653 3972 et
668 3909 792 3994 Hygino
806 3910 889 3973 Pius.
936 3910 999 3975 Sub
1015 3932 1074 3995 qno
1090 3910 1218 3975 Hermes

159 4010 280 4094 scripsit
299 4010 477 4073 Pssronnu.
522 4010 596 4073 Post
619 4010 707 4075 Pium
726 4011 805 4076 sedit
824 4012 969 4077 Anicetus
979 4039 988 4091 ;
1012 4020 1043 4077 et
1062 4018 1131 4097 post
1152 4033 1221 4076 eum

160 4114 256 4177 Soter.
317 4110 433 4195 Hygini
469 4110 654 4195 temporibus
685 4119 759 4179 orta
795 4120 867 4177 sunt
895 4114 1021 4179 haereses
1055 4112 1220 4193 Valentini,

159 4214 316 4291 Cerdonis,
332 4212 509 4277 Marcionis.

203 4314 297 4401 Apud
329 4312 537 4379 Alexandriam
566 4314 730 4463 Εηωοηὲἀί
758 4315 903 4381 successit
933 4316 1056 4381 Marcus
1067 4344 1077 4397 3
1112 4318 1217 4385 Marco
