3042 5134
529 427 718 493 Cnnonnon
748 430 791 492 ΙΙ.
1125 429 1184 494 157

77 603 114 668 ad
136 625 241 686 regem
257 606 420 694 Suanorum
447 604 620 680 transmisit,
645 627 684 668 ne
705 627 758 688 pro
785 627 876 688 regno
899 604 1018 688 Angliae
1045 627 1181 670 successu

76 707 229 789 temporis,
245 706 385 770 adversus
401 729 469 769 euru
481 706 671 770 decertarent.
718 708 880 770 Denarium
894 706 973 770 beati
988 708 1069 770 Petri
1084 707 1181 769 denuo

75 807 168 884 dedit,
186 831 281 890 quum
297 817 365 871 ante
380 808 417 871 ab
432 808 578 871 Eduardo
589 809 652 871 filio
667 809 790 872 Aluredi
806 809 892 873 datus
908 815 991 888 esset,
1010 816 1040 872 et
1055 809 1091 872 ab
1107 809 1181 872 Eth-

75 902 193 990 elwolfo
204 933 281 994 rege.
316 910 464 974 Robertus
474 933 525 973 rex
533 910 713 973 Francorum
731 912 799 974 fecit
814 933 931 996 prosam
944 911 1044 974 Sancti
1054 911 1182 994 Spiritus

76 1019 107 1074 et
136 1012 372 1096 Responsorium
390 1011 469 1095 quod
485 1012 601 1075 canitur
615 1012 646 1102 in
662 1012 761 1096 vigilia
789 1013 894 1076 natalis
921 1013 1051 1090 Domini,
1069 1013 1181 1076 scilicet

71 1115 180 1192 luiba,
198 1122 227 1177 et
242 1116 444 1190 Hierosolima,
460 1121 490 1176 et
504 1136 620 1198 prosam
637 1114 673 1177 de
688 1114 839 1197 apostolis,
859 1117 944 1176 Olore
958 1121 1130 1190 cunctorum,
1146 1113 1178 1176 iu

75 1218 218 1280 memoria
239 1219 342 1280 uxoris
354 1244 362 1294 3
385 1224 415 1280 et
438 1217 668 1300 Responsorium
693 1216 730 1279 de
757 1217 942 1301 martyribus,
970 1216 1180 1279 Oooaetaatic

76 1327 239 1402 uaertpram
248 1345 262 1392 ,·
297 1319 341 1380 vir
356 1318 475 1382 deditus
493 1318 693 1402 eleemosynis,
710 1326 740 1380 et
756 1317 985 1380 litteratissimus
1017 1316 1180 1399 discipulus

74 1419 217 1499 Girberti,
241 1421 278 1484 de
300 1441 359 1505 quo
380 1443 471 1504 supra
483 1421 607 1484 tammus
623 1420 801 1496 memoriam,
825 1420 877 1503 qui
898 1419 968 1484 lecit
997 1439 1112 1502 prosam
1144 1415 1180 1479 de

74 1523 200 1605 augelis,
217 1530 251 1585 ut
267 1523 384 1599 dieitur,
400 1523 512 1586 scilicet
527 1526 577 1585 Aa
589 1525 709 1585 celebres
723 1544 774 1584 ree
788 1522 886 1584 coetice
900 1523 1009 1584 laudea.

73 1623 300 1688 VIMGOXVI.
316 1625 482 1688 Masatos
498 1625 566 1687 Rex
580 1624 781 1687 Fnancoacn
797 1643 1061 1685 anannvrrnnnrs
1074 1619 1177 1684 XXX.

115 1725 270 1790 Henncus
284 1749 334 1789 rex
350 1726 531 1790 Francorum
547 1726 627 1789 lilius
644 1725 767 1788 Roberti
794 1724 869 1788 dixit
884 1725 920 1788 de
936 1724 997 1788 lide
1010 1725 1178 1788 Christiana

73 1826 265 1901 “Quamdiu
289 1828 407 1892 durabit
422 1830 486 1893 haeo
511 1828 681 1912 superstitio
694 1825 725 1891 ?''
753 1825 906 1890 Haroldus
924 1827 1079 1892 Harevach
1093 1826 1175 1890 filius

72 1928 222 1994 Cnutonis
247 1932 383 2015 regnavit
397 1932 428 1994 in
445 1931 565 2014 Anglia,
581 1939 610 1993 ct
627 1931 763 1993 Emmam
791 1952 944 1994 novercam
964 1951 1048 1993 suam
1065 1929 1174 1992 auxilio

71 2030 214 2097 Godwini
227 2034 350 2118 expulit.
395 2035 438 2097 nt.
458 2033 509 2096 illa
532 2032 701 2096 Flaudriam
718 2032 803 2115 petit.
850 2032 924 2093 Post
941 2029 1106 2094 Haroldum
1123 2031 1174 2114 qui

72 2134 244 2221 lIIIannis
255 2138 397 2220 regnavit,
415 2137 625 2202 Hardecnntus
641 2136 730 2197 irater
745 2135 820 2219 ejuS,
836 2144 866 2196 et
881 2133 962 2197 filius
977 2133 1123 2196 Onutonis
1139 2156 1175 2196 ex

69 2238 178 2304 Emma
200 2242 331 2324 suscepit
346 2263 481 2324 regnum,
498 2239 548 2323 qui
568 2237 685 2302 duobus
709 2237 794 2300 annis
818 2258 954 2319 regnans,
976 2236 1053 2298 inter
1068 2235 1175 2319 pocula

68 2340 148 2422 apud
160 2341 340 2405 Lamutbam
349 2343 438 2426 juxta
448 2340 631 2403 Londoniam
645 2338 803 2422 expiravit.
851 2337 911 2400 Hic
923 2345 1012 2420 caput
1028 2337 1125 2400 fratris
1138 2335 1174 2399 de

70 2439 151 2506 fossa
162 2450 337 2514 extractum,
352 2444 384 2506 in
398 2443 571 2506 Tamensem
582 2442 709 2504 fluvium
722 2441 854 2524 projecit,
867 2441 899 2502 in
915 2439 1058 2502 ultionem
1074 2439 1174 2502 matris

70 2543 208 2610 exiliatae.
253 2544 433 2611 Edwardum
444 2545 565 2608 fratrem
576 2566 665 2607 suum
680 2566 698 2606 a
712 2543 744 2606 N
746 2542 895 2604 ormannis
907 2562 1056 2616 revocans
1074 2562 1173 2603 secum

69 2647 195 2726 pacifice
206 2646 387 2730 aliquamdiu
399 2645 511 2710 habuit.
557 2645 637 2709 Nam
647 2643 829 2720 alterirater,
845 2641 990 2706 Alursdus
1000 2641 1120 2718 scilicet,
1137 2641 1174 2705 ad

69 2748 204 2831 stipitem
231 2749 340 2832 ligatus
356 2771 374 2812 a
391 2748 536 2814 Godwino
550 2748 582 2811 in
602 2747 680 2832 Hely
704 2753 875 2830 peremptus
894 2751 948 2821 est,
963 2750 1008 2806 ter
1023 2742 1174 2806 decimatis

69 2841 322 2914 commilitonibus
349 2849 429 2934 apud
450 2849 639 2926 Gnldedune,
670 2855 738 2933 post
770 2854 895 2910 mortem
927 2844 1062 2921 Haroldi,
1092 2851 1174 2909 ante-

69 2971 159 3031 quam
174 2961 311 3035 regnaret
326 2951 540 3014 Hardecnutus
554 2948 678 3012 consilio
699 2947 838 3031 Stigandi
853 2945 1074 3030 archiepiscopi.

90 3049 307 3116 Hardecnutus
320 3052 402 3116 dedit
417 3050 598 3114 Gunnildcrn
615 3072 744 3112 sororem
760 3069 844 3111 snam
856 3048 988 3110 Hanrico
1003 3046 1173 3130 imperatori

66 3151 131 3216 tilio
146 3155 287 3231 Conradi,
314 3155 366 3238 qui
381 3153 517 3217 adulterii
539 3157 685 3227 accusata,
709 3148 887 3233 puerculnrn
909 3146 1057 3230 quendam
1073 3149 1169 3212 sturni

66 3256 113 3318 sui
129 3257 293 3330 alumnum,
311 3273 397 3336 quem
415 3271 451 3313 ex
478 3249 586 3332 Anglia
602 3247 775 3316 adduxerat,
791 3252 894 3309 contra
916 3245 1062 3327 giganteae
1084 3243 1171 3306 molis

64 3353 230 3431 bominem,
259 3354 397 3438 apposuit
424 3351 461 3415 ad
487 3349 730 3424 monomachiam,
754 3347 865 3410 caeteris
896 3343 1052 3408 clientibus
1081 3345 1168 3409 inerti

65 3452 172 3518 timore
190 3451 406 3536 refugientibus
417 3477 426 3528 3
444 3449 495 3532 qui
517 3450 600 3531 gigas
622 3470 640 3509 a
661 3467 753 3530 puero
774 3467 827 3528 per
849 3442 1033 3519 miraculum,
1057 3447 1171 3510 succiso

65 3555 189 3639 poplite,
207 3563 371 3618 enervatur.
417 3554 461 3614 At
476 3549 638 3614 Gunnildis
654 3548 754 3611 statim
771 3545 870 3609 velum
895 3545 1057 3629 suscipiens
1073 3545 1169 3608 virum

67 3657 248 3738 repudiavit.

106 3758 254 3842 Tempore
272 3755 395 3819 Henriei
413 3755 603 3838 Imperatoris
625 3753 701 3816 iacta
724 3757 796 3814 sunt
819 3748 954 3832 quaedam
980 3749 1063 3822 mira,
1081 3748 1168 3810 sicuti

64 3857 101 3920 de
116 3859 330 3923 exclamatione
340 3856 482 3919 daemonis
494 3855 524 3917 in
537 3878 601 3918 aere
610 3854 657 3917 die
669 3855 859 3916 Pentecostes
871 3849 950 3934 apud
962 3848 1165 3931 Magantium,

63 3961 115 4041 qui
128 3962 205 4025 dixit
218 3982 308 4044 quum
319 3981 406 4043 prosa
415 3958 511 4020 missae
519 3957 665 4030 liniretur,
677 3955 818 4018 “Scilicet
831 3954 910 4016 huno
920 3951 996 4014 diam
1008 3949 1167 4033 gloriosum

63 4059 169 4142 iecisti,
181 4063 261 4126 bunc
277 4061 354 4125 diem
370 4059 541 4124 bellicosum
556 4058 682 4205 egpoppci
694 4057 725 4133 ;'’
741 4053 865 4138 eoquod
880 4052 983 4116 famuli
1000 4051 1164 4134 Archiepis·
