3042 5134
480 503 670 566 Cnaorrcorr
715 501 761 566 ll.
1124 504 1193 565 'lou

86 687 177 766 alque
202 680 440 766 nigromantiam,
466 678 628 764 discipulos
641 676 756 745 nobiles
771 677 885 757 habuit,
901 678 1013 745 seilicet
1028 677 1192 745 Robertum

84 782 383 869 regemllrancorum,
393 782 445 868 qni
454 780 864 866 dediteiarcbiepiscopatum
876 782 1060 862 Rememem,
1070 789 1100 848 et
1112 781 1189 848 Otb·

85 910 175 952 cnem
187 873 292 974 ¹postea
308 887 530 972 Imperatorem,
549 887 602 970 qui
616 885 700 951 dedit
713 887 741 951 ei
755 887 960 951 Ravenmtem
974 893 1005 952 et
1025 887 1193 953 Romanum

84 991 298 1075 episcopatum.
328 987 389 1054 Hic
398 988 477 1054 fudit
485 995 592 1052 statum
602 996 694 1073 caput
707 995 788 1053 certa
797 989 980 1074 inspectione
992 990 1188 1075 planetarum,

87 1091 172 1177 quod
186 1113 248 1156 nou
262 1092 320 1155 nisi
330 1092 546 1176 interrogatum
556 1090 743 1174 loquebatur,
752 1089 805 1154 sed
817 1113 932 1168 verum,
947 1089 993 1155 val
1005 1091 1193 1171 affirmative,

88 1194 138 1259 vel
148 1195 294 1280 negative.
338 1192 432 1258 Verbi
444 1193 549 1279 gratia,
560 1192 677 1257 dicebat
692 1191 850 1258 Girbertus
864 1193 953 1258 “Ero
962 1194 1143 1280 apostolicus
1155 1194 1191 1260 θ’*

88 1297 303 1383 Respondebat
311 1304 410 1382 capnt,
421 1304 443 1334 “
451 1297 649 1363 Etiam.”-·“
657 1297 770 1361 Moriar
779 1304 936 1382 antequam
947 1305 1064 1363 cantem
1073 1300 1193 1364 missam

90 1401 122 1464 iu
148 1399 548 1465 Jerosolima?”-“Nou.''
593 1397 667 1471 Quo
698 1400 841 1485 ambigue
869 1421 1010 1485 responso
1032 1400 1070 1466 ad
1091 1402 1193 1466 ultim·

88 1525 143 1568 nm
152 1503 295 1588 deceptus
306 1513 362 1582 est,
378 1503 448 1588 quia
461 1525 523 1568 non
536 1502 665 1588 providit
680 1502 761 1587 quod
772 1503 875 1568 Roma
889 1513 966 1568 esset
980 1503 1103 1569 eeclesia
1114 1504 1195 1570 dicta

87 1605 280 1696 ,Jemsolrma
325 1605 388 1676 Qui
428 1614 554 1669 mortem
592 1627 756 1691 agnoscens
791 1604 922 1670 facinora
958 1605 1131 1692 deploravit,
1158 1629 1193 1672 ac

92 1707 279 1772 membratim
294 1729 327 1770 se
341 1707 487 1772 dilanians
510 1707 588 1772 foras
611 1706 714 1792 projici
725 1708 824 1792 jussit.
872 1705 974 1794 Hujus
988 1708 1092 1774 tumba
1107 1709 1194 1774 sudat

93 1821 198 1877 (outre
212 1820 335 1878 mortem
351 1813 460 1877 rammi
489 1812 649 1898 pontificis.
693 1813 740 1877 De
769 1813 826 1878 hoc
855 1833 931 1898 pupa
960 1813 1075 1879 dictum
1103 1821 1172 1880 est:

299 1913 408 1967 Transit
419 1914 454 1966 ab
468 1914 493 1966 R
507 1913 633 1966 Gibertua
644 1914 672 1966 iu
687 1914 720 1977 R,
734 1913 765 1967 fit
777 1914 851 1985 Papa
863 1915 956 1984 vigens
968 1913 1001 1969 R.

94 2001 143 2066 De
161 2001 221 2064 islo
242 2011 378 2066 narratur
399 2002 481 2086 quod
502 2002 650 2066 invenerit
670 2001 825 2066 introitum
840 2001 970 2066 thesauri
993 2002 1151 2067 Octoviaui
1164 2004 1197 2068 in

97 2125 203 2188 campo
229 2103 341 2168 Martio
362 2106 450 2190 juata
469 2111 600 2168 statuam
625 2126 730 2170 aeream
756 2126 823 2189 quae
846 2105 975 2190 digitum
996 2105 1125 2170 bominis
1146 2127 1197 2170 ex·

93 2216 214 2271 tautum
242 2208 386 2293 scriptum
417 2205 546 2272 habebat
574 2208 606 2272 in
637 2207 744 2293 capite,
782 2206 873 2272 “llic
907 2207 1079 2292 percutel”
1134 2207 1198 2272 Qui

95 2308 276 2374 cubiculario
302 2310 462 2374 comitatus
487 2309 653 2374 lanternam
680 2315 828 2394 portante,
843 2310 1031 2394 conspicatur
1045 2309 1197 2394 ingentem

95 2412 218 2495 regiam,
256 2433 361 2476 eureos
397 2413 533 2497 parietes,
565 2434 655 2476 aurea
681 2411 790 2490 omnia,
823 2409 930 2475 milites
959 2433 1073 2489 aureos,
1101 2411 1198 2474 aureis

94 2515 217 2578 tesseris
255 2514 403 2587 ludentes,
448 2537 548 2599 regem
585 2536 709 2578 aureum
742 2535 810 2578 cum
840 2513 944 2598 regine
969 2510 1201 2592 discumbentes,

97 2618 234 2703 apposita
256 2619 390 2703 opsonia,
413 2617 566 2682 adstantes
589 2616 748 2690 ministros,
763 2625 936 2702 paterasque
956 2616 1043 2681 multi
1061 2615 1200 2702 ponderis

99 2727 132 2784 et
155 2721 264 2804 pretii:
296 2719 496 2786 carbunculus
520 2720 598 2806 lapis
619 2721 671 2804 qui
694 2721 791 2784 noctis
817 2718 951 2785 tenebras
979 2719 1112 2806 fugabat.
1157 2718 1197 2784 In

97 2824 247 2888 contrario
275 2824 387 2908 augnlo
423 2824 521 2888 stabat
550 2845 636 2908 puer,
660 2845 762 2888 arcum
784 2833 887 2887 tenens
909 2831 1030 2888 exteutc
1051 2845 1151 2900 nervo,
1170 2830 1201 2886 et

100 2925 246 2991 muudiue
282 2927 407 2991 intanta.
460 2926 520 2992 Sed
550 2927 624 2990 nihil
653 2926 694 2991 ibi
724 2933 787 2990 erat
812 2926 892 3012 quod
926 2933 1026 3012 posset
1058 2926 1125 3011 capi
1155 2923 1200 2990 vel

100 3029 196 3113 tangi,
236 3030 311 3112 quin
350 3051 453 3093 omues
491 3029 635 3115 imagines
674 3027 865 3114 prosiliebant
907 3038 938 3092 et
980 3029 1126 3114 impetum
1168 3029 1200 3092 iu

100 3140 251 3214 raptorem
284 3131 442 3197 faciebant.
487 3131 558 3202 Quo
598 3132 705 3196 timore
739 3131 896 3197 Girbertus
934 3153 1100 3216 percussus,
1125 3129 1202 3195 nihil

103 3232 234 3298 audebat
261 3235 444 3319 contingere
491 3232 551 3298 Sed
572 3233 773 3298 cubicularius
794 3255 856 3298 nou
878 3233 1024 3299 abstinuit
1044 3233 1116 3318 quin
1137 3234 1200 3298 cul·

98 3335 208 3400 tellum
234 3334 377 3401 mirabilis
399 3335 517 3402 artificii
546 3359 566 3400 a
594 3358 694 3401 mensa
716 3334 871 3421 abriperet,
894 3334 947 3399 sed
971 3357 1040 3401 mox
1061 3334 1201 3400 omnibus

100 3438 281 3522 imaginibus
302 3461 371 3503 cum
393 3439 515 3504 fremitu
543 3438 766 3524 exurgentibus‚
796 3460 870 3524 puer
899 3439 1004 3503 emissa
1033 3438 1142 3524 sagitta
1169 3439 1202 3503 iu

99 3540 316 3606 carbunculum
345 3542 480 3607 tenebras
513 3541 645 3620 induxit,
683 3548 724 3619 et,
760 3540 820 3606 nisi
853 3539 903 3604 ille
936 3540 1055 3606 monitu
1089 3539 1201 3607 domiui

99 3643 254 3708 cultellum
280 3643 369 3708 citius
401 3645 559 3730 rejecisset,
590 3667 695 3731 graves
723 3642 811 3709 ambo
839 3665 940 3729 paenas
968 3642 1137 3709 dedissent:
1160 3645 1203 3710 sic

102 3747 244 3812 irrratiata
256 3747 419 3833 cupiditate
434 3747 602 3814 discedunt.

148 3849 260 3914 Eodem
275 3861 408 3936 tempore
421 3857 508 3915 erant
520 3851 589 3915 dua
603 3849 729 3917 aniculae
745 3849 904 3937 impudicae
925 3856 957 3914 et
980 3848 1121 3917 malefica
1134 3869 1202 3933 qua

102 3954 252 4039 quendam
278 3955 418 4038 juvenem
446 3953 654 4020 histrionicum
682 3955 716 4021 in
740 3952 871 4040 figuram
897 3952 972 4019 asini
1001 3959 1202 4030 mutaverunt,

104 4078 214 4141 magua
229 4055 389 4120 commoda
400 4078 438 4120 ex
452 4056 517 4142 ejus
531 4056 603 4121 ludo
612 4056 766 4135 habentes,
782 4077 870 4141 quem
883 4055 972 4121 etiam
983 4053 1100 4120 cuidam
1119 4051 1204 4117 diviti

101 4158 310 4239 vendiderunt,
356 4158 547 4242 prohibentes
584 4167 619 4223 ut
657 4170 770 4223 arceret
797 4180 874 4223 ,eum
916 4156 954 4222 ab
990 4157 1084 4241 aquis.
1144 4155 1202 4221 Sed
