3042 5134
318 486 359 547 30
706 486 854 554 llannmu
890 490 994 555 Nrcnr

318 658 358 722 In
373 658 499 724 Oriente
513 681 565 745 per
579 661 752 728 Odenatum
764 664 836 729 vieti
850 664 948 731 Perse
962 671 991 730 et
1006 664 1139 751 dispersi,
1150 664 1271 731 defensa
1280 665 1371 753 Syria,

316 767 348 826 et
362 769 478 847 receptu
495 764 721 850 Mesopotamia.

359 864 419 929 Per
439 866 519 930 idem
540 874 659 952 ternpus
680 867 759 933 sedit
783 869 950 935 Antiochiae
973 868 1152 949 Demetrius,
1175 868 1372 958 lerosolymis

315 965 458 1033 Zobanes.
490 968 549 1033 Oui
562 970 704 1035 suecessit
713 971 857 1050 Ireuaeus,
870 971 1057 1037 Alexandriae
1072 972 1243 1059 Dionysius,
1254 983 1373 1058 pat-rum

315 1068 527 1135 nobilissimus.
582 1072 629 1137 Eo
654 1079 788 1159 tempore
812 1074 924 1139 Paulus
952 1075 1138 1154 Samotheus,
1163 1077 1371 1143 Antiochenus

314 1173 482 1259 episcopus,
499 1173 616 1239 dicebat
630 1175 783 1241 Christum
799 1198 907 1262 purum
922 1177 1074 1243 homiuem
1094 1200 1167 1243 esse.
1203 1180 1245 1243 llt
1265 1180 1371 1246 heatus

317 1277 481 1361 Gregorius
503 1278 630 1343 duorum
651 1279 777 1345 fratrum
800 1288 939 1365 stagnum
962 1282 1095 1347 oratioue
1117 1305 1172 1346 sua
1193 1283 1323 1363 siccavit,
1342 1291 1372 1349 ct

315 1389 449 1446 montem
465 1380 584 1446 deloco
610 1405 666 1447 suo
684 1384 717 1446 in
736 1382 832 1447 altum
858 1384 1014 1449 transtulit
1035 1384 1114 1461 alibi,
1143 1390 1173 1449 et
1196 1386 1372 1451 Damonem

315 1504 404 1569 snper
418 1484 512 1569 Alpes
525 1484 657 1549 adandis
669 1486 819 1571 responsis
830 1486 975 1565 cohibuit,
987 1494 1018 1551 ct
1029 1495 1131 1571 postea
1142 1510 1252 1551 morem
1265 1510 1371 1572 gerens

314 1586 427 1670 hospiti
440 1587 595 1665 secerdoti,
610 1589 784 1654 Damonem
794 1588 947 1655 relaxavit.
994 1590 1064 1661 Ouo
1087 1590 1168 1655 fsetn
1188 1591 1372 1658 sacerdotem

315 1686 354 1752 nd
368 1688 472 1752 Ilidem
488 1690 646 1756 convertit.

358 1790 483 1855 Galieno
512 1794 656 1857 successit
684 1794 840 1874 Claudius,
867 1796 966 1860 animo
996 1800 1028 1859 et
1062 1794 1195 1859 moribus
1220 1794 1330 1875 bonus,
1355 1818 1371 1861 a

314 1901 423 1959 senatu
436 1901 552 1959 creatus
572 1918 651 1960 auno
664 1897 867 1963 incarnatione
888 1901 962 1975 263,
980 1904 1009 1963 et
1025 1899 1182 1983 imperavit
1200 1920 1279 1963 anno
1298 1922 1370 1964 uno.

315 1996 377 2062 Hie
392 1998 494 2078 Getas,
508 2020 563 2082 per
576 2021 670 2063 annos
691 2002 731 2064 15
751 2001 906 2085 Illyricum
927 2006 958 2065 et
978 2000 1184 2065 Macedoniam
1208 2010 1370 2081 vastantes,

314 2121 425 2186 magna
438 2108 538 2185 strage
552 2103 692 2167 coercuit.
736 2103 828 2168 Unde
842 2104 887 2167 illi
909 2103 1034 2189 clypeus
1049 2126 1157 2168 aureus
1178 2104 1210 2167 in
1236 2104 1328 2169 Curia
1341 2113 1372 2169 et

314 2211 416 2269 statua
438 2206 582 2290 equestris
604 2228 693 2271 aurea
719 2206 863 2271 collocata
889 2212 944 2271 est.
998 2206 1115 2271 Diebus
1145 2207 1219 2292 ejus,
1246 2208 1372 2286 Paulus,

315 2307 511 2389 Samothaeus,
526 2309 660 2374 tumidus
674 2315 706 2375 et
721 2318 894 2388 contumax,
909 2308 1015 2374 haeresi
1029 2331 1084 2373 sua
1099 2308 1208 2373 multos
1223 2310 1338 2375 iniecit.

355 2411 484 2476 Claudio
499 2412 644 2477 defuncto
659 2412 836 2490 Quintillus,
851 2413 942 2477 irater
956 2412 1031 2497 ejus,
1044 2412 1175 2497 suscepit
1189 2412 1370 2497 imperium;

313 2509 367 2574 sed
382 2510 429 2574 dic
444 2512 570 2595 septimo
584 2512 758 2576 interfectus
774 2518 819 2576 est
827 2538 836 2591 3
860 2517 890 2575 et
905 2512 993 2575 cessit
1003 2510 1136 2585 Aurelio,
1147 2512 1198 2595 qui
1213 2511 1370 2598 imperavit

315 2616 334 2675 ὅ
350 2613 436 2676 annis
450 2620 481 2677 et
495 2635 547 2676 sex
562 2613 722 2678 mensibus.
768 2614 831 2678 Iste
845 2614 904 2679 luit
919 2619 1060 2677 strenuus
1081 2619 1111 2677 et
1126 2612 1300 2694 industrius,
1318 2619 1371 2701 qui

314 2714 448 2779 Gotthos
478 2717 594 2795 stravit,
620 2730 651 2780 et
674 2716 818 2783 ditionem
835 2716 999 2781 Romanam
1017 2716 1179 2801 ampliavit,
1206 2722 1238 2782 et
1263 2718 1369 2784 urbem

313 2818 407 2882 muris
430 2818 570 2883 firmavit.
614 2820 691 2905 Ejus
706 2837 841 2905 tempore
855 2819 1028 2884 melioratus
1043 2828 1088 2883 est
1102 2824 1197 2885 status
1223 2821 1366 2887 ccelesiae.

312 2917 413 2995 Unde,
430 2919 533 2984 habito
548 2921 673 2985 coneilio
690 2920 870 2997 Antiochiae,
893 2919 1006 2985 Paulus
1024 2918 1239 2985 condemnatus
1260 2926 1314 3000 est,
1339 2929 1371 2988 et

314 3020 351 3086 de
374 3021 479 3087 haeresi
504 3030 613 3087 suaet
639 3022 772 3087 moribus
796 3022 996 3087 insimulatus.
1066 3022 1128 3093 Qui
1154 3046 1247 3108 quum
1273 3026 1369 3091 nollet

313 3124 425 3203 cedere,
441 3133 561 3191 coactus
581 3134 626 3191 cst
647 3126 684 3190 ab
708 3125 871 3189 Aureliano
889 3146 992 3211 parere
1014 3126 1178 3190 sententie.
1224 3128 1368 3193 Aurelius

312 3248 392 3309 vero,
407 3237 511 3315 postea
525 3230 714 3315 deputatusa
730 3229 835 3307 Paulo,
851 3229 935 3293 saevit
948 3228 981 3292 in
996 3227 1188 3293 Christianos.

357 3332 429 3402 Quo
452 3342 584 3418 tempore
606 3334 638 3400 in
667 3332 773 3397 Galliis
789 3331 875 3396 besta
899 3330 1045 3396 Columba
1075 3332 1202 3397 Senonis
1225 3334 1367 3419 martyrio

316 3435 436 3520 [utam]
453 3436 562 3514 finivit,
578 3442 610 3501 et
623 3434 712 3500 multi
725 3435 776 3500 alii
790 3436 822 3500 in
847 3434 912 3499 aliis
926 3435 1009 3501 locis.
1064 3435 1194 3500 Domum
1209 3458 1281 3502 vero
1295 3437 1367 3503 suh-

310 3538 356 3602 ita
369 3544 466 3601 morte
474 3544 642 3623 praeventus
657 3544 688 3602 et
702 3536 845 3602 divinitus
855 3538 1015 3615 extinctus,
1030 3538 1118 3602 cessit
1129 3538 1224 3615 Tatio,
1240 3540 1293 3623 qui
1311 3540 1368 3603 im-

310 3643 450 3727 perans?
476 3640 636 3719 mensibus,
659 3641 748 3705 cessit
774 3640 925 3705 Floriano.
987 3640 1057 3711 Ouo
1081 3647 1150 3725 post
1166 3648 1226 3705 tres
1249 3664 1367 3705 menses

311 3739 420 3819 occiso,
444 3738 561 3805 Probus
588 3741 607 3801 6
637 3740 724 3803 anuis
751 3739 918 3825 imperavit,
947 3761 1025 3803 anno
1050 3738 1261 3803 incarnationis
1291 3744 1366 3805 270.

311 3842 376 3909 Iste
391 3842 503 3929 probus
518 3841 576 3906 fnit
586 3848 617 3907 et
628 3843 716 3907 armis
725 3848 875 3920 strenuus,
888 3849 919 3907 et
928 3842 1042 3906 Gallias
1054 3864 1071 3905 a
1081 3840 1212 3906 barbaris
1221 3841 1366 3920 liberavit,

311 3954 343 4012 et
374 3948 408 4011 in
431 3947 554 4013 Oriente
578 3944 696 4011 duobus
722 3946 809 4011 bellis
838 3946 975 4011 civilibus
1004 3966 1075 4010 snos
1098 3946 1199 4010 hostes
1227 3946 1365 4010 coniecit.

311 4047 415 4113 Βοωω
439 4046 584 4131 Dionysio
607 4046 750 4110 successit
770 4045 865 4124 Felix,
894 4036 926 4110 et
951 4045 979 4110 ei
1004 4045 1219 4131 Eutychianus,
1245 4050 1275 4109 et
1298 4049 1367 4129 post

310 4174 378 4216 cum
395 4152 498 4229 Gaius,
514 4157 545 4215 et
558 4149 629 4215 inde
643 4148 846 4214 Marcellinus.

354 4258 401 4321 Eo
415 4264 547 4341 tempore
570 4256 629 4320 luit
652 4254 769 4332 Manes,
785 4252 882 4319 Persis
898 4274 1014 4339 genere,
1031 4258 1061 4319 et
1076 4274 1142 4319 acer
1166 4251 1296 4339 iugenio,
1313 4253 1365 4336 qui
