<?xml version="1.0" encoding="UTF-8"?>
<!DOCTYPE html PUBLIC "-//W3C//DTD XHTML 1.0 Transitional//EN"
    "http://www.w3.org/TR/xhtml1/DTD/xhtml1-transitional.dtd">
<html xmlns="http://www.w3.org/1999/xhtml" xml:lang="en" lang="en">
 <head>
  <title>
</title>
<meta http-equiv="Content-Type" content="text/html;charset=utf-8" />
  <meta name='ocr-system' content='tesseract 3.04.00' />
  <meta name='ocr-capabilities' content='ocr_page ocr_carea ocr_par ocr_line ocrx_word'/>
</head>
<body>
  <div class='ocr_page' id='page_1' title='image "./radulfinigrichr00cogggoog_0126.png"; bbox 0 0 3042 5134; ppageno 0'>
   <div class='ocr_carea' id='block_1_1' title="bbox 452 501 1169 568">
    <p class='ocr_par' dir='ltr' id='par_1_1' title="bbox 452 501 1169 568">
     <span class='ocr_line' id='line_1_1' title="bbox 452 501 1169 568; baseline -0.001 -2"><span class='ocrx_word' id='word_1_1' title='bbox 452 501 645 567; x_wconf 81' lang='lat' dir='ltr'><strong>Cuaouroon</strong></span> <span class='ocrx_word' id='word_1_2' title='bbox 688 501 734 566; x_wconf 91' lang='lat' dir='ltr'><strong>II.</strong></span> <span class='ocrx_word' id='word_1_3' title='bbox 1108 503 1169 568; x_wconf 93' lang='grc'><strong>111</strong></span> 
     </span>
    </p>
   </div>
   <div class='ocr_carea' id='block_1_2' title="bbox 67 669 1178 2368">
    <p class='ocr_par' dir='ltr' id='par_1_2' title="bbox 67 669 1178 2368">
     <span class='ocr_line' id='line_1_2' title="bbox 111 669 1178 757; baseline 0 -21"><span class='ocrx_word' id='word_1_4' title='bbox 111 673 208 736; x_wconf 89' lang='lat' dir='ltr'><strong>Gaius</strong></span> <span class='ocrx_word' id='word_1_5' title='bbox 223 671 359 757; x_wconf 82' lang='lat' dir='ltr'>Caligula</span> <span class='ocrx_word' id='word_1_6' title='bbox 374 670 548 736; x_wconf 87' lang='lat' dir='ltr'><strong>Germanici</strong></span> <span class='ocrx_word' id='word_1_7' title='bbox 566 669 658 748; x_wconf 87' lang='lat' dir='ltr'><strong>filius,</strong></span> <span class='ocrx_word' id='word_1_8' title='bbox 678 669 721 734; x_wconf 88' lang='lat' dir='ltr'><strong>sic</strong></span> <span class='ocrx_word' id='word_1_9' title='bbox 735 693 755 734; x_wconf 91' lang='lat' dir='ltr'><strong>a</strong></span> <span class='ocrx_word' id='word_1_10' title='bbox 775 669 896 736; x_wconf 89' lang='lat' dir='ltr'><strong>militari</strong></span> <span class='ocrx_word' id='word_1_11' title='bbox 921 670 1128 750; x_wconf 88' lang='lat' dir='ltr'><strong>calceamento,</strong></span> <span class='ocrx_word' id='word_1_12' title='bbox 1144 671 1178 736; x_wconf 91' lang='lat' dir='ltr'><strong>id</strong></span> 
     </span>
     <span class='ocr_line' id='line_1_3' title="bbox 68 773 1174 860; baseline -0.004 -18"><span class='ocrx_word' id='word_1_13' title='bbox 68 784 114 842; x_wconf 90' lang='lat' dir='ltr'><strong>est</strong></span> <span class='ocrx_word' id='word_1_14' title='bbox 134 775 271 858; x_wconf 88' lang='lat' dir='ltr'><strong>Caligula</strong></span> <span class='ocrx_word' id='word_1_15' title='bbox 293 775 529 860; x_wconf 91' lang='lat' dir='ltr'><strong>cognominatus,</strong></span> <span class='ocrx_word' id='word_1_16' title='bbox 550 773 620 858; x_wconf 90' lang='lat' dir='ltr'><strong>quia</strong></span> <span class='ocrx_word' id='word_1_17' title='bbox 639 779 728 836; x_wconf 90' lang='lat' dir='ltr'><strong>natus</strong></span> <span class='ocrx_word' id='word_1_18' title='bbox 753 773 786 837; x_wconf 90' lang='lat' dir='ltr'><strong>iu</strong></span> <span class='ocrx_word' id='word_1_19' title='bbox 809 774 949 853; x_wconf 81' lang='lat' dir='ltr'><strong>exercitu,</strong></span> <span class='ocrx_word' id='word_1_20' title='bbox 964 776 1114 860; x_wconf 78' lang='lat' dir='ltr'><strong>imperat3</strong></span> <span class='ocrx_word' id='word_1_21' title='bbox 1143 783 1174 839; x_wconf 93' lang='lat' dir='ltr'><strong>et</strong></span> 
     </span>
     <span class='ocr_line' id='line_1_4' title="bbox 67 874 1173 963; baseline -0.002 -21"><span class='ocrx_word' id='word_1_22' title='bbox 67 879 166 963; x_wconf 91' lang='lat' dir='ltr'><strong>primo</strong></span> <span class='ocrx_word' id='word_1_23' title='bbox 182 898 261 940; x_wconf 91' lang='lat' dir='ltr'><strong>anno</strong></span> <span class='ocrx_word' id='word_1_24' title='bbox 287 876 416 940; x_wconf 85' lang='lat' dir='ltr'><strong>reddidit</strong></span> <span class='ocrx_word' id='word_1_25' title='bbox 441 874 554 939; x_wconf 91' lang='lat' dir='ltr'><strong>Herodi</strong></span> <span class='ocrx_word' id='word_1_26' title='bbox 569 874 712 958; x_wconf 74' lang='lat' dir='ltr'><strong>Agrippae</strong></span> <span class='ocrx_word' id='word_1_27' title='bbox 728 879 830 938; x_wconf 89' lang='lat' dir='ltr'><strong>totum</strong></span> <span class='ocrx_word' id='word_1_28' title='bbox 843 897 970 960; x_wconf 87' lang='lat' dir='ltr'><strong>reguum</strong></span> <span class='ocrx_word' id='word_1_29' title='bbox 995 876 1173 943; x_wconf 84' lang='lat' dir='ltr'><strong>Judaeorum</strong></span> 
     </span>
     <span class='ocr_line' id='line_1_5' title="bbox 67 976 1172 1065; baseline 0 -21"><span class='ocrx_word' id='word_1_30' title='bbox 67 1003 138 1044; x_wconf 91' lang='lat' dir='ltr'><strong>cum</strong></span> <span class='ocrx_word' id='word_1_31' title='bbox 174 993 278 1044; x_wconf 81' lang='lat' dir='ltr'><strong>catena</strong></span> <span class='ocrx_word' id='word_1_32' title='bbox 313 1001 401 1042; x_wconf 89' lang='lat' dir='ltr'><strong>aurea</strong></span> <span class='ocrx_word' id='word_1_33' title='bbox 423 977 461 1040; x_wconf 92' lang='lat' dir='ltr'><strong>ad</strong></span> <span class='ocrx_word' id='word_1_34' title='bbox 495 976 658 1040; x_wconf 89' lang='lat' dir='ltr'><strong>tollendum</strong></span> <span class='ocrx_word' id='word_1_35' title='bbox 690 976 892 1061; x_wconf 85' lang='lat' dir='ltr'><strong>opprobrium,</strong></span> <span class='ocrx_word' id='word_1_36' title='bbox 916 979 1034 1044; x_wconf 87' lang='lat' dir='ltr'><strong>exulato</strong></span> <span class='ocrx_word' id='word_1_37' title='bbox 1062 987 1172 1065; x_wconf 89' lang='lat' dir='ltr'><strong>patruo</strong></span> 
     </span>
     <span class='ocr_line' id='line_1_6' title="bbox 71 1077 1173 1167; baseline -0.002 -21"><span class='ocrx_word' id='word_1_38' title='bbox 71 1082 225 1167; x_wconf 91' lang='lat' dir='ltr'><strong>[Herode]</strong></span> <span class='ocrx_word' id='word_1_39' title='bbox 244 1103 313 1145; x_wconf 91' lang='lat' dir='ltr'><strong>cum</strong></span> <span class='ocrx_word' id='word_1_40' title='bbox 333 1082 424 1146; x_wconf 90' lang='lat' dir='ltr'><strong>amita</strong></span> <span class='ocrx_word' id='word_1_41' title='bbox 448 1077 649 1163; x_wconf 87' lang='lat' dir='ltr'><strong>[Herodiade]</strong></span> <span class='ocrx_word' id='word_1_42' title='bbox 667 1078 804 1143; x_wconf 81' lang='lat' dir='ltr'><strong>Viennae.</strong></span> <span class='ocrx_word' id='word_1_43' title='bbox 842 1079 960 1144; x_wconf 84' lang='lat' dir='ltr'><strong>Vienna</strong></span> <span class='ocrx_word' id='word_1_44' title='bbox 976 1081 1086 1146; x_wconf 85' lang='lat' dir='ltr'><strong>dicitur</strong></span> <span class='ocrx_word' id='word_1_45' title='bbox 1101 1082 1173 1167; x_wconf 89' lang='lat' dir='ltr'><strong>quia</strong></span> 
     </span>
     <span class='ocr_line' id='line_1_7' title="bbox 67 1181 1174 1265; baseline 0.001 -17"><span class='ocrx_word' id='word_1_46' title='bbox 67 1186 116 1248; x_wconf 89' lang='lat' dir='ltr'><strong>via</strong></span> <span class='ocrx_word' id='word_1_47' title='bbox 131 1184 297 1261; x_wconf 81' lang='lat' dir='ltr'><strong>Gehennm,</strong></span> <span class='ocrx_word' id='word_1_48' title='bbox 308 1182 339 1246; x_wconf 90' lang='lat' dir='ltr'><strong>id</strong></span> <span class='ocrx_word' id='word_1_49' title='bbox 354 1189 399 1246; x_wconf 88' lang='lat' dir='ltr'><strong>est</strong></span> <span class='ocrx_word' id='word_1_50' title='bbox 423 1182 507 1245; x_wconf 87' lang='lat' dir='ltr'><strong>locus</strong></span> <span class='ocrx_word' id='word_1_51' title='bbox 521 1181 659 1265; x_wconf 89' lang='lat' dir='ltr'><strong>supplicii</strong></span> <span class='ocrx_word' id='word_1_52' title='bbox 674 1182 914 1265; x_wconf 76' lang='lat' dir='ltr'><strong>proscriptorum.</strong></span> <span class='ocrx_word' id='word_1_53' title='bbox 942 1183 981 1247; x_wconf 94' lang='lat' dir='ltr'><strong>In</strong></span> <span class='ocrx_word' id='word_1_54' title='bbox 1004 1184 1088 1248; x_wconf 84' lang='lat' dir='ltr'><strong>alveo</strong></span> <span class='ocrx_word' id='word_1_55' title='bbox 1103 1185 1174 1251; x_wconf 85' lang='lat' dir='ltr'><strong>rod-</strong></span> 
     </span>
     <span class='ocr_line' id='line_1_8' title="bbox 68 1283 1173 1355; baseline 0.001 -6"><span class='ocrx_word' id='word_1_56' title='bbox 68 1294 123 1350; x_wconf 90' lang='lat' dir='ltr'><strong>ant</strong></span> <span class='ocrx_word' id='word_1_57' title='bbox 147 1286 183 1348; x_wconf 90' lang='lat' dir='ltr'><strong>in</strong></span> <span class='ocrx_word' id='word_1_58' title='bbox 197 1306 287 1349; x_wconf 92' lang='lat' dir='ltr'><strong>aureo</strong></span> <span class='ocrx_word' id='word_1_59' title='bbox 303 1283 421 1355; x_wconf 80' lang='lat' dir='ltr'>cacabo,</span> <span class='ocrx_word' id='word_1_60' title='bbox 437 1283 489 1346; x_wconf 91' lang='lat' dir='ltr'><strong>diu</strong></span> <span class='ocrx_word' id='word_1_61' title='bbox 504 1305 577 1346; x_wconf 86' lang='lat' dir='ltr'><strong>usus</strong></span> <span class='ocrx_word' id='word_1_62' title='bbox 592 1290 638 1346; x_wconf 90' lang='lat' dir='ltr'><strong>est</strong></span> <span class='ocrx_word' id='word_1_63' title='bbox 651 1283 788 1346; x_wconf 89' lang='lat' dir='ltr'><strong>Herodes</strong></span> <span class='ocrx_word' id='word_1_64' title='bbox 803 1283 905 1347; x_wconf 89' lang='lat' dir='ltr'><strong>crebro</strong></span> <span class='ocrx_word' id='word_1_65' title='bbox 921 1284 963 1349; x_wconf 92' lang='lat' dir='ltr'><strong>ibi</strong></span> <span class='ocrx_word' id='word_1_66' title='bbox 979 1286 1101 1350; x_wconf 82' lang='lat' dir='ltr'><strong>cadente</strong></span> <span class='ocrx_word' id='word_1_67' title='bbox 1113 1287 1173 1350; x_wconf 86' lang='lat' dir='ltr'><strong>lul·</strong></span> 
     </span>
     <span class='ocr_line' id='line_1_9' title="bbox 67 1384 1168 1471; baseline 0.001 -20"><span class='ocrx_word' id='word_1_68' title='bbox 67 1389 159 1452; x_wconf 88' lang='lat' dir='ltr'><strong>mine.</strong></span> <span class='ocrx_word' id='word_1_69' title='bbox 201 1386 333 1450; x_wconf 79' lang='lat' dir='ltr'><strong>lacobus</strong></span> <span class='ocrx_word' id='word_1_70' title='bbox 347 1385 480 1449; x_wconf 75' lang='lat' dir='ltr'><strong>Zebedaei</strong></span> <span class='ocrx_word' id='word_1_71' title='bbox 495 1384 648 1448; x_wconf 87' lang='lat' dir='ltr'><strong>occiditur.</strong></span> <span class='ocrx_word' id='word_1_72' title='bbox 688 1384 839 1448; x_wconf 77' lang='lat' dir='ltr'><strong>Mathaeus</strong></span> <span class='ocrx_word' id='word_1_73' title='bbox 855 1385 957 1449; x_wconf 76' lang='lat' dir='ltr'><strong>scribit</strong></span> <span class='ocrx_word' id='word_1_74' title='bbox 971 1388 1168 1471; x_wconf 85' lang='lat' dir='ltr'><strong>evangelium.</strong></span> 
     </span>
     <span class='ocr_line' id='line_1_10' title="bbox 68 1486 1169 1573; baseline 0 -21"><span class='ocrx_word' id='word_1_75' title='bbox 68 1490 179 1552; x_wconf 90' lang='lat' dir='ltr'><strong>Petrus</strong></span> <span class='ocrx_word' id='word_1_76' title='bbox 193 1488 323 1552; x_wconf 86' lang='lat' dir='ltr'><strong>mittitur</strong></span> <span class='ocrx_word' id='word_1_77' title='bbox 344 1488 364 1551; x_wconf 88' lang='lat' dir='ltr'><strong>J</strong></span> <span class='ocrx_word' id='word_1_78' title='bbox 365 1486 534 1571; x_wconf 82' lang='lat' dir='ltr'><strong>erosolymis</strong></span> <span class='ocrx_word' id='word_1_79' title='bbox 552 1487 585 1548; x_wconf 91' lang='lat' dir='ltr'><strong>in</strong></span> <span class='ocrx_word' id='word_1_80' title='bbox 600 1508 754 1550; x_wconf 88' lang='lat' dir='ltr'><strong>carcerem.</strong></span> <span class='ocrx_word' id='word_1_81' title='bbox 814 1488 908 1552; x_wconf 83' lang='lat' dir='ltr'><strong>Gaius</strong></span> <span class='ocrx_word' id='word_1_82' title='bbox 919 1489 1011 1573; x_wconf 86' lang='lat' dir='ltr'><strong>jussit</strong></span> <span class='ocrx_word' id='word_1_83' title='bbox 1026 1490 1169 1573; x_wconf 88' lang='lat' dir='ltr'><strong>templum</strong></span> 
     </span>
     <span class='ocr_line' id='line_1_11' title="bbox 69 1586 1169 1674; baseline 0.002 -22"><span class='ocrx_word' id='word_1_84' title='bbox 69 1590 266 1674; x_wconf 67' lang='lat' dir='ltr'><strong>«ierosolymis</strong></span> <span class='ocrx_word' id='word_1_85' title='bbox 289 1589 466 1673; x_wconf 87' lang='lat' dir='ltr'><strong>prophanari</strong></span> <span class='ocrx_word' id='word_1_86' title='bbox 488 1588 641 1652; x_wconf 75' lang='lat' dir='ltr'><strong>sacrificiis</strong></span> <span class='ocrx_word' id='word_1_87' title='bbox 666 1586 834 1672; x_wconf 83' lang='lat' dir='ltr'><strong>gentilium,</strong></span> <span class='ocrx_word' id='word_1_88' title='bbox 857 1589 943 1654; x_wconf 84' lang='lat' dir='ltr'><strong>Jovis</strong></span> <span class='ocrx_word' id='word_1_89' title='bbox 967 1598 1065 1655; x_wconf 89' lang='lat' dir='ltr'><strong>statua</strong></span> <span class='ocrx_word' id='word_1_90' title='bbox 1087 1593 1121 1655; x_wconf 91' lang='lat' dir='ltr'><strong>in</strong></span> <span class='ocrx_word' id='word_1_91' title='bbox 1135 1613 1169 1656; x_wconf 89' lang='lat' dir='ltr'><strong>eo</strong></span> 
     </span>
     <span class='ocr_line' id='line_1_12' title="bbox 67 1689 1175 1773; baseline 0.004 -18"><span class='ocrx_word' id='word_1_92' title='bbox 67 1691 177 1768; x_wconf 88' lang='lat' dir='ltr'><strong>locata,</strong></span> <span class='ocrx_word' id='word_1_93' title='bbox 198 1699 277 1754; x_wconf 88' lang='lat' dir='ltr'><strong>etse</strong></span> <span class='ocrx_word' id='word_1_94' title='bbox 296 1691 420 1753; x_wconf 85' lang='lat' dir='ltr'><strong>odorari.</strong></span> <span class='ocrx_word' id='word_1_95' title='bbox 466 1689 548 1752; x_wconf 85' lang='lat' dir='ltr'><strong>Huic</strong></span> <span class='ocrx_word' id='word_1_96' title='bbox 566 1689 700 1773; x_wconf 86' lang='lat' dir='ltr'><strong>Agrippa</strong></span> <span class='ocrx_word' id='word_1_97' title='bbox 719 1711 772 1752; x_wconf 82' lang='lat' dir='ltr'><strong>rex</strong></span> <span class='ocrx_word' id='word_1_98' title='bbox 791 1692 905 1773; x_wconf 88' lang='lat' dir='ltr'><strong>primus</strong></span> <span class='ocrx_word' id='word_1_99' title='bbox 931 1693 1119 1768; x_wconf 85' lang='lat' dir='ltr'><strong>contradixit,</strong></span> <span class='ocrx_word' id='word_1_100' title='bbox 1144 1701 1175 1758; x_wconf 90' lang='lat' dir='ltr'><strong>et</strong></span> 
     </span>
     <span class='ocr_line' id='line_1_13' title="bbox 71 1790 1177 1873; baseline 0.005 -18"><span class='ocrx_word' id='word_1_101' title='bbox 71 1793 215 1857; x_wconf 89' lang='lat' dir='ltr'><strong>obtinuit.</strong></span> <span class='ocrx_word' id='word_1_102' title='bbox 261 1793 380 1856; x_wconf 77' lang='lat' dir='ltr'><strong>Sorores</strong></span> <span class='ocrx_word' id='word_1_103' title='bbox 405 1813 473 1854; x_wconf 89' lang='lat' dir='ltr'><strong>suas</strong></span> <span class='ocrx_word' id='word_1_104' title='bbox 488 1790 612 1854; x_wconf 90' lang='lat' dir='ltr'><strong>libidine</strong></span> <span class='ocrx_word' id='word_1_105' title='bbox 638 1791 773 1873; x_wconf 86' lang='lat' dir='ltr'><strong>cognitas</strong></span> <span class='ocrx_word' id='word_1_106' title='bbox 788 1793 920 1857; x_wconf 85' lang='lat' dir='ltr'><strong>exulavit</strong></span> <span class='ocrx_word' id='word_1_107' title='bbox 946 1795 1049 1860; x_wconf 88' lang='lat' dir='ltr'><strong>Gaius.</strong></span> <span class='ocrx_word' id='word_1_108' title='bbox 1111 1795 1177 1870; x_wconf 84' lang='lat' dir='ltr'><strong>Qui</strong></span> 
     </span>
     <span class='ocr_line' id='line_1_14' title="bbox 69 1892 1174 1964; baseline 0.003 -5"><span class='ocrx_word' id='word_1_109' title='bbox 69 1897 188 1959; x_wconf 86' lang='lat' dir='ltr'><strong>rediens</strong></span> <span class='ocrx_word' id='word_1_110' title='bbox 203 1919 220 1959; x_wconf 92' lang='lat' dir='ltr'><strong>a</strong></span> <span class='ocrx_word' id='word_1_111' title='bbox 234 1895 313 1958; x_wconf 91' lang='lat' dir='ltr'><strong>ludis</strong></span> <span class='ocrx_word' id='word_1_112' title='bbox 328 1892 514 1958; x_wconf 82' lang='lat' dir='ltr'><strong>Circensibus</strong></span> <span class='ocrx_word' id='word_1_113' title='bbox 529 1915 546 1956; x_wconf 89' lang='lat' dir='ltr'><strong>a</strong></span> <span class='ocrx_word' id='word_1_114' title='bbox 563 1892 750 1956; x_wconf 86' lang='lat' dir='ltr'><strong>Praetorianis</strong></span> <span class='ocrx_word' id='word_1_115' title='bbox 767 1895 911 1959; x_wconf 86' lang='lat' dir='ltr'><strong>militibus</strong></span> <span class='ocrx_word' id='word_1_116' title='bbox 929 1897 1074 1961; x_wconf 85' lang='lat' dir='ltr'><strong>occiditur</strong></span> <span class='ocrx_word' id='word_1_117' title='bbox 1095 1921 1174 1964; x_wconf 89' lang='lat' dir='ltr'><strong>anno</strong></span> 
     </span>
     <span class='ocr_line' id='line_1_15' title="bbox 70 1995 1174 2079; baseline 0.005 -18"><span class='ocrx_word' id='word_1_118' title='bbox 70 2000 141 2062; x_wconf 86' lang='lat' dir='ltr'><strong>vitae</strong></span> <span class='ocrx_word' id='word_1_119' title='bbox 158 2020 221 2061; x_wconf 81' lang='lat' dir='ltr'><strong>sum</strong></span> <span class='ocrx_word' id='word_1_120' title='bbox 236 1996 386 2061; x_wconf 84' lang='lat' dir='ltr'><strong>LXIIIIo</strong></span> <span class='ocrx_word' id='word_1_121' title='bbox 405 1995 552 2079; x_wconf 86' lang='lat' dir='ltr'><strong>[principe</strong></span> <span class='ocrx_word' id='word_1_122' title='bbox 565 1995 703 2059; x_wconf 82' lang='lat' dir='ltr'><strong>factionis</strong></span> <span class='ocrx_word' id='word_1_123' title='bbox 724 1995 853 2078; x_wconf 88' lang='lat' dir='ltr'><strong>quodam</strong></span> <span class='ocrx_word' id='word_1_124' title='bbox 869 1997 989 2062; x_wconf 83' lang='lat' dir='ltr'><strong>Chaerea</strong></span> <span class='ocrx_word' id='word_1_125' title='bbox 1010 2000 1174 2066; x_wconf 81' lang='lat' dir='ltr'><strong>tribunitiae</strong></span> 
     </span>
     <span class='ocr_line' id='line_1_16' title="bbox 70 2097 1174 2185; baseline 0.003 -21"><span class='ocrx_word' id='word_1_126' title='bbox 70 2100 239 2184; x_wconf 84' lang='lat' dir='ltr'><strong>potestatis,</strong></span> <span class='ocrx_word' id='word_1_127' title='bbox 255 2097 306 2181; x_wconf 94' lang='lat' dir='ltr'><strong>qui</strong></span> <span class='ocrx_word' id='word_1_128' title='bbox 320 2106 436 2181; x_wconf 91' lang='lat' dir='ltr'><strong>patrato</strong></span> <span class='ocrx_word' id='word_1_129' title='bbox 450 2097 580 2160; x_wconf 82' lang='lat' dir='ltr'><strong>facinore</strong></span> <span class='ocrx_word' id='word_1_130' title='bbox 592 2118 660 2159; x_wconf 89' lang='lat' dir='ltr'><strong>cum</strong></span> <span class='ocrx_word' id='word_1_131' title='bbox 675 2097 737 2160; x_wconf 89' lang='lat' dir='ltr'><strong>suis</strong></span> <span class='ocrx_word' id='word_1_132' title='bbox 751 2097 882 2161; x_wconf 87' lang='lat' dir='ltr'><strong>factiosis</strong></span> <span class='ocrx_word' id='word_1_133' title='bbox 898 2105 959 2162; x_wconf 90' lang='lat' dir='ltr'><strong>tam</strong></span> <span class='ocrx_word' id='word_1_134' title='bbox 973 2101 1068 2184; x_wconf 88' lang='lat' dir='ltr'><strong>primo</strong></span> <span class='ocrx_word' id='word_1_135' title='bbox 1084 2125 1174 2185; x_wconf 89' lang='lat' dir='ltr'><strong>quam</strong></span> 
     </span>
     <span class='ocr_line' id='line_1_17' title="bbox 71 2197 1174 2283; baseline 0.002 -17"><span class='ocrx_word' id='word_1_136' title='bbox 71 2202 205 2267; x_wconf 84' lang='lat' dir='ltr'><strong>secundo</strong></span> <span class='ocrx_word' id='word_1_137' title='bbox 242 2201 290 2264; x_wconf 88' lang='lat' dir='ltr'><strong>die</strong></span> <span class='ocrx_word' id='word_1_138' title='bbox 326 2200 435 2283; x_wconf 84' lang='lat' dir='ltr'><strong>pariter</strong></span> <span class='ocrx_word' id='word_1_139' title='bbox 471 2197 639 2281; x_wconf 63' lang='lat' dir='ltr'><strong>occubuit}</strong></span> <span class='ocrx_word' id='word_1_140' title='bbox 677 2198 791 2282; x_wconf 86' lang='lat' dir='ltr'><strong>Magna</strong></span> <span class='ocrx_word' id='word_1_141' title='bbox 828 2206 873 2263; x_wconf 90' lang='lat' dir='ltr'><strong>est</strong></span> <span class='ocrx_word' id='word_1_142' title='bbox 909 2200 1033 2266; x_wconf 90' lang='lat' dir='ltr'><strong>historia</strong></span> <span class='ocrx_word' id='word_1_143' title='bbox 1069 2205 1174 2268; x_wconf 90' lang='lat' dir='ltr'><strong>mortis</strong></span> 
     </span>
     <span class='ocr_line' id='line_1_18' title="bbox 74 2305 155 2368; baseline -0.062 0"><span class='ocrx_word' id='word_1_144' title='bbox 74 2305 155 2368; x_wconf 87' lang='lat' dir='ltr'><strong>Gaii.</strong></span> 
     </span>
    </p>
   </div>
   <div class='ocr_carea' id='block_1_3' title="bbox 74 2437 1176 2519">
    <p class='ocr_par' dir='ltr' id='par_1_3' title="bbox 74 2437 1176 2519">
     <span class='ocr_line' id='line_1_19' title="bbox 74 2437 1176 2519; baseline 0.004 -18"><span class='ocrx_word' id='word_1_145' title='bbox 74 2438 344 2504; x_wconf 84' lang='lat' dir='ltr'><strong>VMCCXXXIX.</strong></span> <span class='ocrx_word' id='word_1_146' title='bbox 400 2437 505 2501; x_wconf 76' lang='lat' dir='ltr'><strong>Gutus</strong></span> <span class='ocrx_word' id='word_1_147' title='bbox 534 2457 708 2500; x_wconf 82' lang='grc'>1111111111</span> <span class='ocrx_word' id='word_1_148' title='bbox 728 2457 809 2501; x_wconf 81' lang='lat' dir='ltr'><strong>rnna</strong></span> <span class='ocrx_word' id='word_1_149' title='bbox 835 2459 891 2502; x_wconf 90' lang='grc'>1111</span> <span class='ocrx_word' id='word_1_150' title='bbox 918 2459 1037 2519; x_wconf 71' lang='grc' dir='ltr'>11111ς</span> <span class='ocrx_word' id='word_1_151' title='bbox 1075 2459 1176 2506; x_wconf 76' lang='lat' dir='ltr'><strong>raneos</strong></span> 
     </span>
    </p>
   </div>
   <div class='ocr_carea' id='block_1_4' title="bbox 433 2557 780 2648">
    <p class='ocr_par' dir='ltr' id='par_1_4' title="bbox 433 2557 780 2648">
     <span class='ocr_line' id='line_1_20' title="bbox 433 2557 780 2648; baseline 0 -28"><span class='ocrx_word' id='word_1_152' title='bbox 433 2557 565 2620; x_wconf 70' lang='grc'>1111111</span> <span class='ocrx_word' id='word_1_153' title='bbox 578 2576 618 2618; x_wconf 82' lang='lat' dir='ltr'><strong>nx</strong></span> <span class='ocrx_word' id='word_1_154' title='bbox 633 2576 762 2620; x_wconf 86' lang='grc'>111111.</span> <span class='ocrx_word' id='word_1_155' title='bbox 777 2642 780 2648; x_wconf 71' lang='lat'>‚</span> 
     </span>
    </p>
   </div>
   <div class='ocr_carea' id='block_1_5' title="bbox 72 2693 1183 4208">
    <p class='ocr_par' dir='ltr' id='par_1_5' title="bbox 72 2693 1179 3067">
     <span class='ocr_line' id='line_1_21' title="bbox 116 2693 1179 2778; baseline 0.003 -19"><span class='ocrx_word' id='word_1_156' title='bbox 116 2693 262 2759; x_wconf 89' lang='lat' dir='ltr'><strong>Claudius</strong></span> <span class='ocrx_word' id='word_1_157' title='bbox 285 2693 427 2778; x_wconf 87' lang='lat' dir='ltr'><strong>patruehs</strong></span> <span class='ocrx_word' id='word_1_158' title='bbox 450 2693 527 2770; x_wconf 88' lang='lat' dir='ltr'><strong>Gaii,</strong></span> <span class='ocrx_word' id='word_1_159' title='bbox 547 2693 628 2757; x_wconf 88' lang='lat' dir='ltr'><strong>lilius</strong></span> <span class='ocrx_word' id='word_1_160' title='bbox 648 2693 740 2758; x_wconf 87' lang='lat' dir='ltr'><strong>Drusi</strong></span> <span class='ocrx_word' id='word_1_161' title='bbox 766 2701 797 2758; x_wconf 88' lang='grc'><strong>01</strong></span> <span class='ocrx_word' id='word_1_162' title='bbox 824 2695 976 2773; x_wconf 81' lang='lat' dir='ltr'><strong>Antoniae,</strong></span> <span class='ocrx_word' id='word_1_163' title='bbox 1001 2695 1179 2762; x_wconf 85' lang='lat' dir='ltr'><strong>sublimatur</strong></span> 
     </span>
     <span class='ocr_line' id='line_1_22' title="bbox 73 2795 1178 2873; baseline 0.002 -13"><span class='ocrx_word' id='word_1_164' title='bbox 73 2821 91 2860; x_wconf 87' lang='lat' dir='ltr'><strong>a</strong></span> <span class='ocrx_word' id='word_1_165' title='bbox 113 2796 270 2873; x_wconf 86' lang='lat' dir='ltr'><strong>militibus,</strong></span> <span class='ocrx_word' id='word_1_166' title='bbox 300 2795 476 2859; x_wconf 90' lang='lat' dir='ltr'><strong>reclamante</strong></span> <span class='ocrx_word' id='word_1_167' title='bbox 500 2803 614 2859; x_wconf 92' lang='lat' dir='ltr'><strong>senatu.</strong></span> <span class='ocrx_word' id='word_1_168' title='bbox 647 2796 706 2859; x_wconf 86' lang='lat' dir='ltr'><strong>Sed</strong></span> <span class='ocrx_word' id='word_1_169' title='bbox 730 2797 865 2860; x_wconf 88' lang='lat' dir='ltr'><strong>Herodes</strong></span> <span class='ocrx_word' id='word_1_170' title='bbox 890 2797 972 2861; x_wconf 86' lang='lat' dir='ltr'><strong>litem</strong></span> <span class='ocrx_word' id='word_1_171' title='bbox 1000 2805 1119 2863; x_wconf 88' lang='lat' dir='ltr'><strong>senatus</strong></span> <span class='ocrx_word' id='word_1_172' title='bbox 1146 2807 1178 2864; x_wconf 91' lang='lat' dir='ltr'><strong>et</strong></span> 
     </span>
     <span class='ocr_line' id='line_1_23' title="bbox 72 2897 1177 2983; baseline 0.004 -21"><span class='ocrx_word' id='word_1_173' title='bbox 72 2900 204 2962; x_wconf 88' lang='lat' dir='ltr'><strong>militum</strong></span> <span class='ocrx_word' id='word_1_174' title='bbox 243 2905 403 2981; x_wconf 81' lang='lat' dir='ltr'><strong>praetorum</strong></span> <span class='ocrx_word' id='word_1_175' title='bbox 432 2897 624 2980; x_wconf 86' lang='lat' dir='ltr'><strong>compescuit.</strong></span> <span class='ocrx_word' id='word_1_176' title='bbox 684 2898 745 2961; x_wconf 92' lang='lat' dir='ltr'><strong>Hic</strong></span> <span class='ocrx_word' id='word_1_177' title='bbox 775 2899 956 2983; x_wconf 81' lang='lat' dir='ltr'><strong>expugnavit</strong></span> <span class='ocrx_word' id='word_1_178' title='bbox 987 2900 1116 2964; x_wconf 88' lang='lat' dir='ltr'><strong>Orcades</strong></span> <span class='ocrx_word' id='word_1_179' title='bbox 1147 2909 1177 2966; x_wconf 91' lang='lat' dir='ltr'><strong>et</strong></span> 
     </span>
     <span class='ocr_line' id='line_1_24' title="bbox 75 3000 633 3067; baseline -0.009 0"><span class='ocrx_word' id='word_1_180' title='bbox 75 3003 265 3067; x_wconf 85' lang='lat' dir='ltr'><strong>Britanniam</strong></span> <span class='ocrx_word' id='word_1_181' title='bbox 281 3009 311 3065; x_wconf 89' lang='lat' dir='ltr'><strong>et</strong></span> <span class='ocrx_word' id='word_1_182' title='bbox 326 3001 463 3065; x_wconf 84' lang='lat' dir='ltr'><strong>laudavit</strong></span> <span class='ocrx_word' id='word_1_183' title='bbox 477 3000 633 3063; x_wconf 83' lang='lat' dir='ltr'><strong>Exoniam.</strong></span> 
     </span>
    </p>

    <p class='ocr_par' dir='ltr' id='par_1_6' title="bbox 73 3099 1183 4106">
     <span class='ocr_line' id='line_1_25' title="bbox 116 3099 1177 3188; baseline -0.001 -20"><span class='ocrx_word' id='word_1_184' title='bbox 116 3104 268 3188; x_wconf 86' lang='lat' dir='ltr'><strong>Discipuli</strong></span> <span class='ocrx_word' id='word_1_185' title='bbox 284 3102 424 3187; x_wconf 87' lang='lat' dir='ltr'><strong>degentes</strong></span> <span class='ocrx_word' id='word_1_186' title='bbox 439 3101 609 3166; x_wconf 82' lang='lat' dir='ltr'><strong>Antiochiae</strong></span> <span class='ocrx_word' id='word_1_187' title='bbox 618 3099 827 3164; x_wconf 90' lang='lat' dir='ltr'><strong>ministrabant</strong></span> <span class='ocrx_word' id='word_1_188' title='bbox 840 3101 991 3181; x_wconf 66' lang='lat' dir='ltr'><strong>fratribus</strong></span> <span class='ocrx_word' id='word_1_189' title='bbox 1008 3127 1059 3187; x_wconf 88' lang='lat' dir='ltr'><strong>per</strong></span> <span class='ocrx_word' id='word_1_190' title='bbox 1072 3127 1177 3169; x_wconf 90' lang='lat' dir='ltr'><strong>manus</strong></span> 
     </span>
     <span class='ocr_line' id='line_1_26' title="bbox 74 3202 1176 3289; baseline -0.002 -18"><span class='ocrx_word' id='word_1_191' title='bbox 74 3204 223 3271; x_wconf 77' lang='lat' dir='ltr'><strong>Barnabae</strong></span> <span class='ocrx_word' id='word_1_192' title='bbox 245 3213 275 3268; x_wconf 92' lang='lat' dir='ltr'><strong>et</strong></span> <span class='ocrx_word' id='word_1_193' title='bbox 301 3205 397 3276; x_wconf 88' lang='lat' dir='ltr'><strong>Pauli,</strong></span> <span class='ocrx_word' id='word_1_194' title='bbox 424 3202 627 3267; x_wconf 89' lang='lat' dir='ltr'><strong>habitantibus</strong></span> <span class='ocrx_word' id='word_1_195' title='bbox 653 3203 685 3265; x_wconf 93' lang='lat' dir='ltr'><strong>iu</strong></span> <span class='ocrx_word' id='word_1_196' title='bbox 712 3203 804 3285; x_wconf 83' lang='lat' dir='ltr'><strong>Syria.</strong></span> <span class='ocrx_word' id='word_1_197' title='bbox 850 3204 960 3268; x_wconf 75' lang='lat' dir='ltr'><strong>Fausto</strong></span> <span class='ocrx_word' id='word_1_198' title='bbox 976 3207 1053 3289; x_wconf 87' lang='lat' dir='ltr'><strong>patri</strong></span> <span class='ocrx_word' id='word_1_199' title='bbox 1083 3206 1176 3270; x_wconf 88' lang='lat' dir='ltr'><strong>sancti</strong></span> 
     </span>
     <span class='ocr_line' id='line_1_27' title="bbox 73 3305 1179 3390; baseline -0.001 -17"><span class='ocrx_word' id='word_1_200' title='bbox 73 3308 237 3373; x_wconf 90' lang='lat' dir='ltr'><strong>Clementis</strong></span> <span class='ocrx_word' id='word_1_201' title='bbox 261 3306 364 3370; x_wconf 83' lang='lat' dir='ltr'><strong>Simon</strong></span> <span class='ocrx_word' id='word_1_202' title='bbox 393 3306 504 3390; x_wconf 87' lang='lat' dir='ltr'><strong>Magus</strong></span> <span class='ocrx_word' id='word_1_203' title='bbox 529 3305 646 3367; x_wconf 86' lang='lat' dir='ltr'><strong>vultum</strong></span> <span class='ocrx_word' id='word_1_204' title='bbox 673 3305 827 3368; x_wconf 89' lang='lat' dir='ltr'><strong>transtulit</strong></span> <span class='ocrx_word' id='word_1_205' title='bbox 853 3306 1021 3370; x_wconf 82' lang='lat' dir='ltr'><strong>Antiochiae</strong></span> <span class='ocrx_word' id='word_1_206' title='bbox 1050 3307 1123 3371; x_wconf 88' lang='lat' dir='ltr'><strong>dans</strong></span> <span class='ocrx_word' id='word_1_207' title='bbox 1149 3310 1179 3372; x_wconf 92' lang='lat' dir='ltr'><strong>ei</strong></span> 
     </span>
     <span class='ocr_line' id='line_1_28' title="bbox 73 3406 1179 3492; baseline 0.004 -20"><span class='ocrx_word' id='word_1_208' title='bbox 73 3432 175 3487; x_wconf 88' lang='lat' dir='ltr'><strong>suum,</strong></span> <span class='ocrx_word' id='word_1_209' title='bbox 192 3408 244 3472; x_wconf 85' lang='lat' dir='ltr'><strong>sed</strong></span> <span class='ocrx_word' id='word_1_210' title='bbox 271 3407 378 3472; x_wconf 88' lang='lat' dir='ltr'><strong>beatus</strong></span> <span class='ocrx_word' id='word_1_211' title='bbox 406 3408 516 3470; x_wconf 86' lang='lat' dir='ltr'><strong>Petrus</strong></span> <span class='ocrx_word' id='word_1_212' title='bbox 546 3407 573 3469; x_wconf 93' lang='lat' dir='ltr'><strong>ei</strong></span> <span class='ocrx_word' id='word_1_213' title='bbox 599 3407 740 3471; x_wconf 88' lang='lat' dir='ltr'><strong>restituit.</strong></span> <span class='ocrx_word' id='word_1_214' title='bbox 786 3406 827 3470; x_wconf 90' lang='lat' dir='ltr'><strong>In</strong></span> <span class='ocrx_word' id='word_1_215' title='bbox 855 3408 937 3492; x_wconf 74' lang='lat' dir='ltr'><strong>Syria</strong></span> <span class='ocrx_word' id='word_1_216' title='bbox 963 3417 994 3473; x_wconf 92' lang='lat' dir='ltr'><strong>et</strong></span> <span class='ocrx_word' id='word_1_217' title='bbox 1019 3411 1179 3476; x_wconf 81' lang='lat' dir='ltr'><strong>Palaestina</strong></span> 
     </span>
     <span class='ocr_line' id='line_1_29' title="bbox 73 3509 1176 3595; baseline 0.003 -20"><span class='ocrx_word' id='word_1_218' title='bbox 73 3514 169 3577; x_wconf 84' lang='lat' dir='ltr'><strong>lomes</strong></span> <span class='ocrx_word' id='word_1_219' title='bbox 182 3509 309 3575; x_wconf 89' lang='lat' dir='ltr'><strong>invaluit</strong></span> <span class='ocrx_word' id='word_1_220' title='bbox 322 3510 463 3594; x_wconf 88' lang='lat' dir='ltr'><strong>praedicta</strong></span> <span class='ocrx_word' id='word_1_221' title='bbox 482 3531 536 3593; x_wconf 92' lang='lat' dir='ltr'><strong>per</strong></span> <span class='ocrx_word' id='word_1_222' title='bbox 549 3509 687 3592; x_wconf 90' lang='lat' dir='ltr'><strong>Agabum</strong></span> <span class='ocrx_word' id='word_1_223' title='bbox 714 3511 899 3593; x_wconf 87' lang='lat' dir='ltr'><strong>prophetam,</strong></span> <span class='ocrx_word' id='word_1_224' title='bbox 917 3510 953 3573; x_wconf 83' lang='lat' dir='ltr'><strong>de</strong></span> <span class='ocrx_word' id='word_1_225' title='bbox 968 3515 1075 3595; x_wconf 89' lang='lat' dir='ltr'><strong>quoin</strong></span> <span class='ocrx_word' id='word_1_226' title='bbox 1091 3516 1176 3578; x_wconf 87' lang='lat' dir='ltr'><strong>Acti·</strong></span> 
     </span>
     <span class='ocr_line' id='line_1_30' title="bbox 74 3610 1177 3699; baseline 0.003 -22"><span class='ocrx_word' id='word_1_227' title='bbox 74 3615 132 3679; x_wconf 92' lang='lat' dir='ltr'><strong>bus</strong></span> <span class='ocrx_word' id='word_1_228' title='bbox 150 3612 364 3697; x_wconf 82' lang='lat' dir='ltr'><strong>Apostolorum</strong></span> <span class='ocrx_word' id='word_1_229' title='bbox 380 3613 500 3689; x_wconf 86' lang='lat' dir='ltr'><strong>legitur.</strong></span> <span class='ocrx_word' id='word_1_230' title='bbox 561 3613 704 3694; x_wconf 79' lang='lat' dir='ltr'><strong>Agrippae</strong></span> <span class='ocrx_word' id='word_1_231' title='bbox 721 3610 837 3674; x_wconf 90' lang='lat' dir='ltr'><strong>Herodi</strong></span> <span class='ocrx_word' id='word_1_232' title='bbox 853 3612 889 3676; x_wconf 90' lang='lat' dir='ltr'><strong>ab</strong></span> <span class='ocrx_word' id='word_1_233' title='bbox 917 3615 1022 3698; x_wconf 87' lang='lat' dir='ltr'><strong>angelo</strong></span> <span class='ocrx_word' id='word_1_234' title='bbox 1038 3637 1177 3699; x_wconf 86' lang='lat' dir='ltr'><strong>percusso</strong></span> 
     </span>
     <span class='ocr_line' id='line_1_31' title="bbox 75 3713 1178 3803; baseline 0.001 -21"><span class='ocrx_word' id='word_1_235' title='bbox 75 3718 234 3792; x_wconf 63' lang='lat' dir='ltr'><strong>Caesarmm</strong></span> <span class='ocrx_word' id='word_1_236' title='bbox 245 3714 451 3779; x_wconf 89' lang='lat' dir='ltr'><strong>successitsibi</strong></span> <span class='ocrx_word' id='word_1_237' title='bbox 462 3714 544 3777; x_wconf 88' lang='lat' dir='ltr'><strong>lilius</strong></span> <span class='ocrx_word' id='word_1_238' title='bbox 561 3715 702 3797; x_wconf 74' lang='lat' dir='ltr'><strong>Agrippa.</strong></span> <span class='ocrx_word' id='word_1_239' title='bbox 730 3713 780 3777; x_wconf 91' lang='lat' dir='ltr'><strong>Ad</strong></span> <span class='ocrx_word' id='word_1_240' title='bbox 793 3715 873 3778; x_wconf 91' lang='lat' dir='ltr'><strong>hunc</strong></span> <span class='ocrx_word' id='word_1_241' title='bbox 883 3715 963 3799; x_wconf 82' lang='lat' dir='ltr'><strong>fugit</strong></span> <span class='ocrx_word' id='word_1_242' title='bbox 979 3719 1094 3782; x_wconf 89' lang='lat' dir='ltr'><strong>residua</strong></span> <span class='ocrx_word' id='word_1_243' title='bbox 1110 3741 1178 3803; x_wconf 86' lang='lat' dir='ltr'><strong>pars</strong></span> 
     </span>
     <span class='ocr_line' id='line_1_32' title="bbox 75 3817 1179 3904; baseline 0.001 -21"><span class='ocrx_word' id='word_1_244' title='bbox 75 3819 180 3904; x_wconf 84' lang='lat' dir='ltr'><strong>populi</strong></span> <span class='ocrx_word' id='word_1_245' title='bbox 197 3817 314 3881; x_wconf 90' lang='lat' dir='ltr'><strong>Israelis</strong></span> <span class='ocrx_word' id='word_1_246' title='bbox 337 3824 405 3900; x_wconf 88' lang='lat' dir='ltr'><strong>post</strong></span> <span class='ocrx_word' id='word_1_247' title='bbox 431 3817 608 3880; x_wconf 85' lang='lat' dir='ltr'><strong>eversionem</strong></span> <span class='ocrx_word' id='word_1_248' title='bbox 624 3817 734 3880; x_wconf 85' lang='lat' dir='ltr'><strong>laetam</strong></span> <span class='ocrx_word' id='word_1_249' title='bbox 748 3839 766 3880; x_wconf 90' lang='lat' dir='ltr'><strong>a</strong></span> <span class='ocrx_word' id='word_1_250' title='bbox 780 3817 857 3880; x_wconf 77' lang='lat' dir='ltr'><strong>lito.</strong></span> <span class='ocrx_word' id='word_1_251' title='bbox 918 3820 1052 3904; x_wconf 90' lang='lat' dir='ltr'><strong>Agrippa</strong></span> <span class='ocrx_word' id='word_1_252' title='bbox 1065 3822 1179 3904; x_wconf 88' lang='lat' dir='ltr'><strong>primus</strong></span> 
     </span>
     <span class='ocr_line' id='line_1_33' title="bbox 76 3918 1183 4002; baseline 0.003 -18"><span class='ocrx_word' id='word_1_253' title='bbox 76 3922 206 3984; x_wconf 89' lang='lat' dir='ltr'><strong>moriens</strong></span> <span class='ocrx_word' id='word_1_254' title='bbox 221 3920 263 3983; x_wconf 91' lang='lat' dir='ltr'><strong>ait</strong></span> <span class='ocrx_word' id='word_1_255' title='bbox 279 3925 300 3954; x_wconf 91' lang='lat'><strong>“</strong></span> <span class='ocrx_word' id='word_1_256' title='bbox 315 3919 362 3982; x_wconf 80' lang='lat' dir='ltr'><strong>En</strong></span> <span class='ocrx_word' id='word_1_257' title='bbox 375 3941 430 4002; x_wconf 83' lang='lat' dir='ltr'><strong>ego</strong></span> <span class='ocrx_word' id='word_1_258' title='bbox 446 3919 497 4001; x_wconf 92' lang='lat' dir='ltr'><strong>qui</strong></span> <span class='ocrx_word' id='word_1_259' title='bbox 511 3918 601 3982; x_wconf 90' lang='lat' dir='ltr'><strong>modo</strong></span> <span class='ocrx_word' id='word_1_260' title='bbox 617 3919 690 3982; x_wconf 89' lang='lat' dir='ltr'><strong>deus</strong></span> <span class='ocrx_word' id='word_1_261' title='bbox 702 3918 831 3997; x_wconf 87' lang='lat' dir='ltr'><strong>dicebar,</strong></span> <span class='ocrx_word' id='word_1_262' title='bbox 848 3922 1044 3984; x_wconf 86' lang='lat' dir='ltr'><strong>rrunemortis</strong></span> <span class='ocrx_word' id='word_1_263' title='bbox 1052 3922 1183 3986; x_wconf 86' lang='lat' dir='ltr'><strong>nexibus</strong></span> 
     </span>
     <span class='ocr_line' id='line_1_34' title="bbox 73 4021 268 4106; baseline -0.015 -19"><span class='ocrx_word' id='word_1_264' title='bbox 73 4024 235 4106; x_wconf 86' lang='lat' dir='ltr'><strong>astringor.</strong></span> <span class='ocrx_word' id='word_1_265' title='bbox 246 4021 268 4053; x_wconf 86' lang='lat'><strong>&#39;&#39;</strong></span> 
     </span>
    </p>

    <p class='ocr_par' dir='ltr' id='par_1_7' title="bbox 108 4121 1182 4208">
     <span class='ocr_line' id='line_1_35' title="bbox 108 4121 1182 4208; baseline 0.006 -24"><span class='ocrx_word' id='word_1_266' title='bbox 108 4127 267 4208; x_wconf 71' lang='lat' dir='ltr'><strong>Philippus</strong></span> <span class='ocrx_word' id='word_1_267' title='bbox 283 4122 448 4206; x_wconf 88' lang='lat' dir='ltr'><strong>Apostolus</strong></span> <span class='ocrx_word' id='word_1_268' title='bbox 464 4121 539 4185; x_wconf 92' lang='lat' dir='ltr'><strong>obiit</strong></span> <span class='ocrx_word' id='word_1_269' title='bbox 550 4144 628 4185; x_wconf 85' lang='lat' dir='ltr'><strong>arruo</strong></span> <span class='ocrx_word' id='word_1_270' title='bbox 642 4123 740 4187; x_wconf 85' lang='lat' dir='ltr'><strong>XXIo</strong></span> <span class='ocrx_word' id='word_1_271' title='bbox 752 4124 880 4202; x_wconf 86' lang='lat' dir='ltr'><strong>Claudii,</strong></span> <span class='ocrx_word' id='word_1_272' title='bbox 895 4131 924 4188; x_wconf 91' lang='grc'><strong>01</strong></span> <span class='ocrx_word' id='word_1_273' title='bbox 941 4125 1090 4188; x_wconf 89' lang='lat' dir='ltr'><strong>Mathaeus</strong></span> <span class='ocrx_word' id='word_1_274' title='bbox 1104 4150 1182 4190; x_wconf 91' lang='lat' dir='ltr'><strong>anno</strong></span> 
     </span>
    </p>
   </div>
   <div class='ocr_carea' id='block_1_6' title="bbox 0 0 1535 5134">
    <p class='ocr_par' dir='ltr' id='par_1_8' title="bbox 0 0 1535 5134">
     <span class='ocr_line' id='line_1_36' title="bbox 0 0 1535 5134; baseline 0 0"><span class='ocrx_word' id='word_1_275' title='bbox 0 0 1535 5134; x_wconf 95' lang='lat' dir='ltr'><strong> </strong></span> 
     </span>
    </p>
   </div>
  </div>
 </body>
</html>
