3042 5134
319 548 360 611 18
706 549 851 615 Rsnunvr
888 547 992 616 Nrcnl

311 718 486 805 alienigena,
505 722 660 809 Antipatri
675 724 768 802 filins,
785 748 802 789 a
817 732 922 789 senatu
939 724 1075 790 Romano
1097 725 1228 811 suscepit
1249 741 1379 809 regnum

316 821 501 902 Jndaeorum,
517 831 548 888 et
568 833 672 890 eontra
695 828 740 890 fas
760 827 909 890 vendebat
928 828 1125 891 sacerdotium
1148 828 1382 911 indignissimis,

315 932 347 985 et
368 930 464 987 vestes
487 927 596 989 summi
619 928 780 991 sacerdotis
809 928 1045 1014 omnitempore
1067 931 1153 1013 regni
1175 930 1221 993 sni
1243 928 1382 993 reclusit.

317 1024 375 1087 sed
391 1032 421 1087 et
436 1026 581 1091 Doeidem
602 1051 728 1093 uxorem
742 1052 827 1093 suam
842 1030 959 1114 abjecit,
975 1038 1005 1095 et
1028 1032 1227 1115 Maviagnem,
1243 1030 1380 1115 Hyrcani

315 1125 410 1190 lilium
431 1134 461 1191 et
478 1136 599 1213 neptem
615 1131 790 1209 Aristobuli,
806 1133 918 1196 inielici
933 1134 1031 1197 omine
1045 1134 1179 1198 traduxit
1193 1134 1226 1196 in
1242 1155 1383 1211 uxorem,

320 1228 351 1291 in
368 1231 622 1312 perturbationem
638 1234 746 1297 domus
760 1258 833 1298 snae.

366 1332 518 1397 Unctione
547 1334 641 1418 igitur
669 1336 804 1419 legitima
832 1343 975 1414 cessante,
1003 1336 1178 1401 imminebat
1207 1336 1379 1420 expectatio

321 1434 475 1513 Gentium,
489 1436 629 1501 Christus
643 1438 789 1501 Dominus
804 1446 914 1515 noster,
931 1462 1016 1503 verns
1031 1462 1084 1503 rex
1098 1447 1128 1503 et
1145 1439 1289 1503 sacerdos.
1334 1438 1380 1501 Et

321 1544 472 1600 natusest
488 1542 548 1602 350
569 1562 647 1602 anno
669 1540 819 1617 Herodis3
844 1540 882 1603 ab
897 1541 1011 1624 origine
1033 1540 1139 1604 mnndi
1154 1547 1259 1624 quater
1283 1539 1378 1603 mille·

322 1637 396 1700 simo
407 1641 635 1722 nongentesimo
644 1640 889 1723 quinquagesimo
898 1642 1004 1725 primo,
1014 1642 1062 1705 vel
1071 1640 1234 1705 secundnm
1245 1640 1378 1718 Graems,

322 1738 482 1822 quinquies
518 1740 676 1803 millesimo
713 1741 1006 1825 quadringentesimo
1041 1743 1179 1825 septimo.
1238 1741 1379 1824 Denique

318 1842 484 1904 notandum
517 1850 572 1917 est,
603 1843 683 1927 quod
713 1846 811 1926 perd
841 1844 944 1906 mundi
974 1850 1073 1927 partes
1104 1867 1157 1928 per
1186 1843 1376 1907 succedentia

323 1949 457 2025 tempora
477 1952 605 2026 quatuor
627 1967 719 2027 regna
740 1945 914 2028 principalia
940 1946 1081 2024 luerunt3
1112 1945 1312 2030 Babylonium
1338 1946 1377 2009 ab

323 2042 456 2121 Oriente,
467 2045 712 2129 Carthaginiense
722 2069 740 2108 a
750 2046 882 2123 meridie,
897 2047 1124 2111 Macedonicum
1136 2071 1151 2111 a
1164 2047 1375 2133 septentrione,

325 2143 494 2209 Romnum
523 2147 561 2211 ab
592 2148 753 2211 occidente.
809 2148 988 2212 Notandum
1023 2171 1150 2233 quoque,
1182 2148 1264 2232 qnod
1298 2149 1377 2212 inter

324 2246 455 2330 primum
490 2248 706 2335 Babylonicum
734 2256 766 2313 et
795 2250 935 2313 ultimum
964 2252 1132 2315 Romanum
1161 2252 1284 2314 luerunt
1315 2251 1376 2314 duo

323 2349 447 2429 minora,
463 2352 639 2416 Africanum
648 2358 678 2415 et
689 2352 915 2415 Macedonicum
928 2380 937 2431 ;
960 2354 1042 2430 item,
1053 2354 1131 2417 sicut
1144 2352 1235 2417 Belus
1251 2352 1376 2417 obscure

322 2452 415 2534 prius,
431 2460 462 2516 et
480 2454 582 2517 Ninus
602 2461 714 2537 postea,
731 2454 838 2517 elarius
861 2455 1006 2537 regnavit,
1021 2456 1064 2518 ita
1086 2454 1109 2517 J
1111 2454 1172 2517 ulio
1194 2454 1298 2517 clarior
1316 2454 1377 2517 init

321 2572 474 2617 successor
488 2556 551 2639 ejus
567 2554 748 2619 Octavianus
763 2557 942 2638 Angustus3
964 2563 1004 2634 et,
1020 2557 1098 2619 sicut
1117 2556 1270 2619 Abraham
1284 2561 1374 2619 natus

317 2662 363 2718 est
392 2678 470 2719 anno
498 2657 574 2719 Nini
603 2660 656 2734 43,
684 2658 726 2720 ita
754 2656 901 2734 Christus,
932 2659 1067 2742 Augusti
1097 2662 1167 2723 420.
1214 2658 1266 2735 Et,
1293 2658 1374 2721 sicut

319 2754 471 2820 Abraham
501 2758 618 2821 tertiam
643 2766 762 2822 aetatem
790 2758 981 2838 illuminavit,
1009 2760 1052 2823 ita
1081 2760 1229 2836 Christus,
1260 2764 1374 2822 sextam

319 2856 507 2937 illuminavit,
535 2860 742 2938 sanctificavit,
767 2861 931 2926 renovavit.
977 2862 1137 2925 Sciendum
1167 2861 1265 2938 etiam,
1293 2860 1375 2944 qnod

318 2981 372 3042 per
391 2984 484 3024 annes
504 2964 577 3039 170,
593 2984 717 3045 aregno
734 2962 864 3025 Herodis
879 2985 974 3046 usqne
994 2963 1033 3027 ad
1056 2964 1235 3027 eversionem
1257 2962 1374 3027 Judaeae

319 3062 378 3125 sub
392 3063 575 3147 Vespasiano
590 3071 621 3127 et
634 3065 712 3141 lito,
722 3064 846 3127 fuerunt
862 3068 900 3129 27
913 3064 1076 3128 sacerdotes
1085 3064 1204 3129 venales
1216 3073 1246 3129 et
1255 3064 1373 3128 incurii.

364 3165 495 3229 Primam
530 3166 624 3250 igitur
659 3172 778 3230 aetatem
811 3166 917 3229 mnndi
951 3165 1072 3243 Adam3
1108 3166 1268 3229 secundam
1305 3166 1374 3231 Noe

320 3266 486 3346 innovavit,
496 3268 648 3332 inchoavit
656 3295 665 3345 3
688 3269 808 3335 tertiam
823 3250 976 3331 Abraham
990 3290 1095 3331 aurora
1108 3267 1181 3331 lidei
1195 3268 1356 3331 illustravit
1364 3296 1375 3347 3

321 3377 458 3451 quartam
494 3370 614 3455 Moyses
643 3370 712 3433 data
748 3370 831 3453 Lege
860 3369 1028 3447 ordinavit,
1067 3369 1203 3451 quintam
1235 3369 1375 3433 Salomon

320 3473 497 3552 aedificavit3
520 3480 633 3537 sextam
648 3474 786 3537 Christus
803 3472 1000 3536 hareditavit.
1044 3470 1169 3535 atinde
1184 3471 1278 3555 liquet
1292 3470 1374 3554 quod

319 3574 464 3659 sapientia
493 3598 560 3658 quae
585 3598 603 3638 a
624 3575 689 3639 Deo
718 3597 772 3659 per
802 3581 935 3657 tempora
967 3574 1132 3650 distillavit,
1159 3574 1253 3658 major
1281 3573 1372 3637 luerit

321 3685 353 3740 et
367 3678 474 3740 certior
488 3684 518 3740 et
533 3678 682 3760 antiquior
695 3676 919 3740 inventionibus
934 3675 1188 3760 philosophorum.

363 3779 540 3864 Scytharum
562 3780 694 3864 imperia,
718 3801 887 3863 quanquam
910 3777 1037 3841 illustria
1058 3777 1180 3853 luerint,
1204 3776 1273 3859 quia
1296 3776 1371 3840 nihil

321 3881 479 3945 conferunt
515 3881 554 3944 ad
590 3882 743 3945 historiam
779 3880 1017 3957 ecclesiasticam,
1055 3878 1205 3963 praedictis
1242 3879 1375 3943 conferre

320 3983 485 4061 omisimus,
495 3983 565 4047 licet
579 4006 641 4046 non
656 3985 755 4046 minus
771 3982 943 4045 admiranda
957 3982 1068 4045 virtute
1083 3981 1267 4044 faeminarum
1283 4004 1374 4064 quam

317 4086 458 4162 virorum,
482 4084 644 4147 meruerint
668 4107 732 4147 esse
756 4083 1003 4147 memorabiliora.
1050 4083 1107 4147 Sed
1131 4091 1162 4147 et
1187 4083 1372 4148 Mithridatis

318 4186 445 4271 gloriosa
465 4185 552 4264 bella,
569 4186 677 4270 quibua
700 4186 789 4249 toties
810 4185 951 4249 Romanis
974 4186 1111 4263 occurrit,
1126 4185 1353 4249 intermittimus
1362 4214 1372 4265 3

316 4301 347 4352 et
364 4288 498 4367 aliorum,
515 4295 545 4352 et
565 4311 668 4372 regum
693 4297 723 4352 et
744 4288 927 4371 reginarum,
944 4287 1112 4373 triumphos
1136 4294 1165 4352 et
1188 4287 1322 4373 gloriam,
1341 4296 1372 4352 et
