3042 5134
518 459 708 524 Ouronrcon
727 459 771 524 11.
1153 463 1212 524 165

106 634 339 718 conjunxerant.
385 629 523 712 Remigcs
542 629 620 693 euim
636 629 729 692 nimio
748 651 829 692 mero
845 629 1020 714 ingurgitati
1036 653 1112 695 ceca
1126 635 1215 693 nocte

108 757 219 800 navem
249 755 400 797 novam-a
431 732 530 796 littore
556 731 725 816 impellunt,
750 754 854 796 navem
884 734 961 816 regis
993 731 1118 798 Heurici
1147 757 1214 820 quas

108 844 304 922 praecesserat
336 836 461 899 transire
479 835 642 918 cupientes,
665 834 717 904 sed
744 835 826 898 navis
850 835 886 898 ad
914 857 1016 921 rupem
1040 837 1112 901 elisa
1128 839 1214 924 '[eou·

25 1000 30 1006 .
109 941 210 1004 fracta
223 946 269 1002 est
277 965 287 1016 ;
308 939 391 1002 iilius
405 943 504 1001 autem
519 937 598 1020 regis
612 937 720 1020 scapha
734 937 880 1022 excipitur
894 938 1058 1024 salvarique
1067 943 1215 1022 potuisset

109 1043 171 1105 nisi
186 1040 356 1104 miserando
371 1039 497 1103 clamore
511 1038 619 1102 sororis
633 1039 776 1102 infractus
791 1039 930 1122 scapham
946 1043 1051 1106 carinae
1068 1045 1214 1129 applicare

107 1145 265 1230 jussisset,
281 1151 317 1207 ut
331 1163 458 1206 sororem
479 1142 633 1226 acciperet,
649 1141 701 1204 sed
719 1142 862 1206 continuo
877 1143 1068 1210 multitudine
1082 1147 1215 1212 insilien-

108 1249 190 1310 tium
206 1246 316 1330 scapha
329 1245 437 1308 obruta
450 1244 482 1307 in
496 1244 590 1308 inudo
606 1245 693 1307 maris
707 1243 850 1308 subsedit.
884 1246 978 1312 Navis
989 1260 1139 1336 nunquam
1154 1255 1216 1320 ulla

106 1348 171 1411 iuit
194 1347 314 1430 Angliae
334 1352 426 1410 tanta
447 1346 581 1423 miseriae,
596 1346 680 1409 uuila
701 1354 765 1409 toto
781 1346 845 1410 orbi
860 1349 969 1431 patulae
984 1349 1078 1417 famae.
1147 1358 1216 1424 Hoo

106 1450 310 1514 infortunium
326 1449 424 1512 evenit
438 1456 506 1532 post
530 1455 657 1511 mortem
672 1448 784 1532 reginre
800 1448 936 1512 Matildis
958 1455 1060 1518 matris
1078 1459 1214 1541 predicti

113 1550 269 1613 Willelmi.

168 1650 239 1716 Rex
256 1651 405 1716 Henricus
420 1651 502 1715 dedit
519 1651 698 1716 Mathildem
714 1652 806 1716 filiam
834 1677 916 1718 suam
935 1656 1066 1724 Henrico
1082 1661 1214 1748 Impera

108 1753 179 1831 tori,
197 1776 266 1838 quae
287 1753 475 1836 Magantiam
496 1753 677 1838 desponsata
695 1759 749 1831 est,
766 1761 796 1817 et
816 1755 847 1817 in
869 1755 1090 1842 Imperatricem
1111 1786 1213 1832 conse·

107 1863 201 1931 crata,
234 1856 282 1920 cui
311 1855 479 1940 Imperator
508 1855 591 1919 dedit
625 1855 686 1919 OM
717 1858 832 1939 equites
862 1859 895 1922 in
925 1860 1006 1925 dote.
1066 1864 1152 1930 Tunc
1181 1869 1215 1933 in

111 1959 259 2043 Angliam
282 1958 385 2021 datum
408 1965 453 2021 cst
475 1957 640 2040 Denegald.
687 1957 747 2021 Hic
767 1959 934 2043 Imperator
956 1965 1035 2047 oepit
1056 1973 1087 2030 et
1108 1969 1215 2036 habuit

107 2060 265 2125 Pascalem
287 2060 400 2144 Papam
421 2060 452 2122 in
475 2058 609 2122 vinculis
662 2058 830 2143 Imperator
855 2061 1004 2127 Henricus
1026 2088 1085 2150 quo
1110 2078 1215 2154 postea

107 2162 223 2246 fugerit
238 2167 290 2226 aut
305 2161 455 2224 devenerit
472 2161 619 2224 incertum
635 2160 770 2224 habetur.
816 2161 889 2226 Post
910 2163 972 2228 baec
987 2165 1165 2252 Imperatrix
1177 2172 1215 2236 ad

110 2269 229 2347 patrem
244 2285 333 2326 suum
346 2284 471 2339 reversa,
496 2261 603 2325 tradita
629 2268 674 2325 est
697 2261 844 2326 Gauirido
865 2263 1086 2348 Plantagenest,
1112 2275 1214 2338 comiti

109 2364 383 2448 Andegavensium,
421 2363 472 2447 qui
509 2363 613 2446 genuit
645 2386 681 2426 ex
717 2386 751 2426 ea
776 2363 941 2428 Henricum
978 2365 1067 2434 IIum
1102 2393 1213 2457 regem,

109 2465 301 2543 Gauiridum,
317 2465 504 2529 Willelmum
523 2465 708 2550 Lungespec.
756 2464 907 2530 Henricus
923 2490 975 2532 rex
990 2477 1121 2536 extremo
1136 2481 1211 2540 tem-

111 2591 187 2654 pore
200 2568 371 2633 lururiosus
386 2575 421 2632 ut
435 2568 496 2631 iere
510 2574 574 2632 tota
585 2570 648 2653 ejus
663 2569 820 2653 progenies
838 2570 953 2656 Anglos
967 2575 1088 2656 angaria
1098 2576 1215 2644 forestae

109 2671 301 2734 vehementer
328 2671 485 2754 oppressit.
531 2668 700 2747 Facundus,
721 2671 863 2754 prudens,
893 2673 1064 2754 munificus,
1092 2685 1122 2742 et
1145 2678 1216 2745 licet

112 2771 271 2858 superbus,
294 2772 386 2834 comis
406 2778 506 2835 tamen
528 2785 559 2834 et
583 2770 736 2854 pacificus,
756 2771 856 2855 justus
885 2772 917 2835 iu
937 2774 1051 2858 judicio
1083 2785 1113 2841 et
1139 2779 1217 2844 ludis

112 2873 249 2938 modeste
270 2873 396 2936 deditus.
451 2874 541 2936 Anno
562 2871 687 2937 Henrici
709 2873 788 2956 regis
811 2871 978 2938 XXXIIII
1000 2877 1115 2962 eclipsis
1145 2881 1217 2946 solis

110 2976 192 3040 facta
212 2983 312 3040 estet
337 2980 538 3059 apparuerunt
561 2974 663 3052 stellae,
688 2981 719 3038 et
740 2973 953 3040 obtenebratur
980 2985 1026 3041 est
1054 2979 1117 3044 dies
1141 2981 1214 3048 hora

116 3085 211 3154 sexta,
225 3077 290 3161 ipso
304 3099 374 3160 rege
393 3075 613 3139 transfretante.
677 3077 768 3139 Auno
790 3075 898 3140 ultimo
911 3079 994 3160 regui
1010 3080 1072 3163 ejus
1088 3091 1217 3148 cometes

116 3179 257 3264 apparuit
280 3183 424 3241 attentus
439 3185 596 3240 ventorum
611 3175 709 3254 turbo,
729 3176 808 3260 quod
824 3184 920 3242 turres
941 3184 971 3240 et
985 3178 1074 3243 siivas
1088 3181 1218 3267 integras

117 3280 258 3344 dirueret.

495 3375 813 3443 VIMOOOXXXIII.

159 3481 329 3548 Lodoricus
344 3504 396 3545 rex
409 3481 590 3545 Francorum
605 3481 845 3564 regnavitannis
865 3479 985 3545 XXXI.
1013 3482 1154 3550 Mortuus
1172 3495 1218 3550 est

114 3608 196 3649 anno
211 3585 321 3648 Christi
338 3583 568 3661 Mooxxxvo,
586 3589 656 3647 ante
671 3582 785 3646 obitum
802 3583 879 3663 regis
903 3583 1026 3647 Henrici
1046 3608 1125 3650 anno
1148 3611 1217 3654 uno.

116 3685 288 3749 Lodoviem
303 3692 448 3748 comestor
457 3684 583 3768 piscium
597 3705 721 3767 regnum
737 3690 857 3746 strenue
870 3684 1024 3768 reparavit,
1038 3688 1122 3771 cujus
1137 3689 1219 3754 filius

119 3786 279 3870 Phiiippus
303 3786 421 3848 vivente
434 3793 519 3868 patre
542 3792 698 3848 coronatus
713 3785 761 3847 VI
785 3784 934 3848 mensibus
953 3788 1097 3868 regnavit.
1159 3791 1219 3856 Hic
1290 3773 1293 3779 ’

117 3887 199 3973 apud
215 3888 342 3951 Parisios
356 3886 394 3950 ab
409 3908 486 3970 equo
499 3907 638 3950 corruens
653 3887 691 3950 ad
705 3886 815 3950 silicem
831 3887 977 3950 contritus
993 3895 1047 3951 est.

163 3987 316 4052 Defuncto
335 4009 404 4072 rege
425 3987 567 4065 Hennae,
586 3987 754 4074 Stephanus
780 4009 872 4072 nepos
896 3988 960 4072 ejus
983 3987 1030 4052 die
1055 3989 1162 4054 natalis
1187 3993 1219 4057 in
1295 4069 1297 4072 ¹

121 4088 234 4174 Anglia
249 4096 416 4166 coronatur,
432 4088 483 4153 sed
506 4089 539 4152 in
554 4089 773 4154 consecratione
787 4087 866 4172 regis
881 4107 940 4154 non
957 4096 1001 4152 est
1016 4090 1127 4156 mentio
1142 4093 1221 4159 iacta
