3042 5134
330 479 372 542 78
720 466 869 537 Itanum
891 468 996 539 Nrern

328 664 454 709 mannos
483 642 555 707 iecit
581 640 787 718 cumeneo„
810 640 913 705 Danos
935 644 967 703 et
997 637 1136 703 Frisones
1170 636 1255 716 vicit,
1288 644 1320 703 et
1351 660 1430 723 reges

329 768 435 813 eorum
455 745 643 813 Christianos
663 744 745 810 fecit.
1503 810 1504 815 γ

372 844 477 910 Rome
509 842 588 911 sedit
609 843 781 927 Stephanus
803 839 959 907 cxxvus
980 845 1101 925 etpost
1122 862 1191 905 eum
1214 840 1381 919 lohannes,
1402 847 1430 905 et
1503 838 1505 842 ’

329 953 399 1033 post
419 969 489 1012 eum
509 946 583 1011 Leo.
639 946 686 1011 Eo
706 951 842 1029 tempore
862 942 896 1007 in
918 942 1072 1007 (lennensi
1091 941 1166 1007 urbe
1187 942 1256 1007 lons
1278 944 1430 1029 sanguinis

329 1050 439 1135 erupit.
482 1048 641 1127 flodulfus,
656 1044 912 1131 rexBurguudire,
928 1044 1064 1123 moritur,
1081 1050 1112 1109 et
1125 1067 1179 1109 rex
1192 1044 1429 1126 Ruthenorumss
1503 1052 1505 1117 ξ

328 1151 368 1217 ah
394 1151 579 1236 imperatore
602 1150 738 1215 Romano
767 1143 907 1213 vincitur.
931 1146 997 1212 Rex
1028 1147 1178 1213 Heminae
1206 1148 1336 1213 moritur
1359 1148 1430 1213 citra
1505 1198 1506 1211 ,

330 1254 569 1320 benedictionem
593 1251 783 1339 Imperislem
794 1252 814 1330 ςχ
827 1256 858 1315 et
881 1250 964 1315 lilius
989 1251 1055 1335 ejus
1080 1250 1156 1315 Otto
1181 1250 1325 1315 XXXVI
1346 1249 1429 1315 anna

220 1430 234 1454 ο
329 1356 498 1443 imperavit,
527 1354 640 1421 habens
667 1375 791 1422 uxorem
817 1351 912 1417 filiam
942 1351 1100 1417 Edmnndi
1135 1352 1214 1437 regis
1251 1352 1428 1439 Anglorum.
1505 1374 1506 1395 ¹

329 1460 447 1525 Multos
460 1458 567 1524 habuit
581 1455 709 1522 rebelles
723 1455 760 1520 de
771 1454 883 1541 palatio
897 1476 963 1519 suo.
1505 1468 1506 1473 ¹

375 1562 480 1627 Romae
494 1560 572 1625 sedit
586 1559 765 1644 Stephanus,
788 1564 818 1622 et
841 1562 908 1642 post
933 1578 1002 1621 eum
1024 1556 1171 1622 Marinus.
1216 1556 1280 1622 sub
1303 1556 1427 1635 Ottone,
1505 1564 1506 1579 ¹

331 1663 508 1751 gladiatorio
519 1661 635 1750 judicio
657 1660 817 1726 obtentum
840 1666 896 1739 est,
915 1660 997 1744 quod
1018 1659 1075 1725 lilii
1099 1660 1225 1725 fratrum
1247 1683 1316 1725 cum
1338 1662 1427 1746 patris

331 1767 519 1833 hareditent.
578 1764 748 1851 Stephanus
785 1773 815 1828 et
843 1762 1059 1829 Constantinus
1089 1763 1289 1848 imperatores
1319 1772 1428 1850 patrem

332 1893 422 1936 sunm
450 1869 619 1933 Romanum
646 1873 833 1933 tonsoratum
863 1873 1018 1931 truserunt
1051 1866 1083 1930 in
1113 1868 1338 1932 monasterinm.
1382 1867 1428 1932 Ad

333 1970 414 2057 quod
430 1994 523 2057 quum
537 1971 648 2036 vellent
661 1969 768 2034 eodem
781 1968 871 2033 modo
887 1968 1043 2033 detrudere
1057 1968 1300 2050 Constantinum,
1316 1970 1429 2035 detecto

332 2075 403 2140 dolo
426 2096 541 2153 eorum,
566 2074 624 2159 ipsi
637 2071 782 2137 tonsorati
797 2071 834 2137 ed
846 2078 959 2157 patrem
979 2070 1187 2156 applicantur3
1217 2062 1357 2158 deinceps
1372 2072 1429 2137 solo
1503 2150 1504 2159 ἵ

332 2178 532 2245 Constantino
560 2176 732 2261 imperante,
749 2173 828 2239 XVI
843 2175 938 2239 annis.
982 2175 1029 2239 Eo
1048 2181 1183 2260 tempore
1197 2177 1262 2261 regi
1276 2178 1428 2243 Ludovioo

333 2302 432 2347 comes
447 2280 542 2365 Hugo
560 2279 767 2353 Parisiensist
787 2278 968 2355 adversatur,
984 2277 1036 2342 sed
1052 2278 1171 2343 demum
1193 2280 1389 2365 impugnatur
1402 2287 1427 2345 et

334 2384 473 2450 vincitur·
526 2384 636 2448 Postea
649 2405 718 2446 vero
732 2388 820 2465 cepto
843 2380 1031 2445 Ludovicoa
1052 2381 1237 2445 Normannis
1260 2382 1331 2447 dolo
1346 2384 1429 2467 Hug-

334 2488 411 2566 cnis,
426 2487 568 2551 liberatus
591 2492 639 2551 est
661 2484 699 2550 ab
722 2486 837 2549 Ottone
862 2486 1039 2567 imperatore
1046 2510 1057 2563 ;
1079 2492 1109 2548 et
1132 2491 1254 2549 coactus
1277 2492 1325 2551 est
1340 2488 1428 2571 Hngo

335 2590 405 2655 dare
421 2612 526 2652 manus
539 2588 656 2653 Ottoni.
701 2588 749 2653 Bo
763 2594 896 2672 tempore
910 2587 1008 2665 'laxis
1025 2608 1077 2652 rex
1091 2587 1319 2673 Hungarorum,
1333 2591 1429 2655 decem
1503 2600 1506 2665 ἶ]

334 2692 450 2757 modios
464 2686 655 2755 nummorum
677 2690 782 2755 habuit
798 2712 852 2775 pro
877 2690 991 2758 tributo
1006 2714 1023 2755 e
1046 2690 1225 2775 Berengario
1239 2715 1311 2777 rege
1326 2694 1428 2761 Italiae:
1503 2668 1505 2717 l

335 2795 375 2858 In
389 2794 483 2858 Dacia
496 2801 567 2878 post
580 2794 660 2858 filios
674 2794 756 2858 Olaii
771 2794 907 2878 regnavit
926 2794 1009 2872 Urm,
1031 2794 1113 2857 lilius
1138 2794 1314 2877 Herdegon·
1363 2799 1430 2863 Post

335 2896 412 2961 Urm
428 2896 603 2974 Harioldus,
619 2897 670 2980 qni
684 2896 776 2981 leges,
792 2918 865 2980 quas
880 2918 961 2960 nuno
975 2896 1094 2975 habent,
1111 2900 1268 2963 constrtnit
1294 2900 1391 2965 Danis
1402 2906 1430 2964 et

335 2998 511 3064 Frisonihus
525 3005 556 3063 ct
569 3000 781 3085 Transalpinis,
794 3005 825 3064 et
850 3000 990 3065 firmavit:
1049 3000 1157 3066 Victus
1172 3009 1271 3067 eutem
1288 3005 1321 3068 in
1333 3005 1430 3089 praelio

336 3102 375 3167 ab
389 3101 503 3167 Ottone
516 3103 702 3187 imperatore,
718 3100 886 3187 baptizatus
901 3108 957 3182 est,
982 3126 1052 3167 cum
1065 3126 1159 3169 uxore
1173 3128 1227 3169 sna
1253 3114 1284 3171 et
1298 3108 1364 3171 filio
1379 3130 1430 3171 suo

336 3208 499 3285 Suenotto,
522 3206 575 3291 qui
588 3212 691 3291 postea
705 3211 820 3289 patrem
835 3228 924 3269 suum
948 3206 1141 3290 grendaevum
1162 3209 1279 3293 expulit
1303 3232 1431 3295 arogno

335 3310 369 3373 in
382 3310 566 3388 Flandriam,
580 3308 635 3373 ubi
650 3317 786 3373 mortuns
801 3315 856 3374 est.
893 3308 1000 3374 Erieus
1023 3333 1094 3375 vero
1117 3312 1295 3397 parricidam
1320 3314 1442 3399 expulit.

334 3432 470 3495 aregno,
485 3418 516 3475 et
538 3411 645 3476 habuit
658 3411 755 3475 filium
772 3411 862 3477 Olaff.
899 3412 988 3476 Erico
1014 3436 1084 3477 vero
1103 3421 1233 3493 mortuo,
1257 3416 1347 3481 rediit
1362 3418 1430 3481 Sue·

336 3523 433 3595 netto,
448 3524 479 3581 et
493 3516 606 3601 accepit
620 3509 846 3594 uxorem'hrioi,
864 3523 943 3581 etex
957 3538 991 3581 ea
1006 3519 1111 3602 genuit
1126 3518 1224 3585 Cnud.
1238 3522 1261 3563 ὕ

392 3618 439 3681 Ec
462 3639 581 3702 quoque
598 3624 731 3702 tempore
744 3615 804 3681 fuit
823 3619 936 3701 primus
950 3641 1002 3683 rex
1017 3620 1049 3683 in
1063 3621 1211 3702 Ncrweia,
1229 3622 1365 3703 Helium,
1382 3623 1431 3709 qui

336 3720 442 3806 genuit
455 3722 632 3800 Truconem,
644 3728 675 3785 et
683 3721 733 3785 ille
744 3720 836 3799 Oleli,
849 3722 901 3805 qui
915 3722 1004 3785 etiam
1015 3722 1205 3789 Oraehubien.
1253 3726 1327 3805 Qui,
1340 3728 1433 3792 vietus

372 3884 389 3943 f
407 3879 491 3933 Hnuo
503 3879 700 3948 Pammenem]
715 3878 803 3933 father
816 3880 847 3932 cf
855 3879 938 3949 Hugh
952 3880 1042 3951 Caper,
1056 3884 1143 3953 grand
1155 3884 1226 3939 dulce
1239 3888 1272 3941 of
1279 3888 1393 3943 France.

374 3970 389 4028 1
411 3966 472 4020 Rex
490 3966 707 4035 Rurnruoncu.]
745 3964 802 4017 The
820 3964 895 4035 King
911 3966 943 4019 of
961 3967 1007 4019 the
1026 3968 1247 4037 Russienn-Ab
1270 3972 1434 4045 Imperatore

337 4050 467 4118 Romano,
480 4050 574 4122 hythe
588 4049 717 4119 Emperor
731 4048 869 4103 Romanus
882 4050 919 4103 11.

589 4138 606 4169 ⁶
623 4137 715 4205 Caua]
730 4137 869 4191 otherwise
882 4138 967 4192 called
980 4140 1090 4195 Cenute.
