3042 5134
501 451 692 516 Cnaonroon
710 448 755 515 ΙΙ.
1131 449 1190 512 161

91 644 166 708 gaas
181 623 277 686 victus
292 628 338 686 est
352 622 400 684 die
416 621 517 685 Sancti
532 622 649 698 Calixti,
665 642 735 686 tum
749 641 810 704 quo
824 641 912 686 omne
920 618 1016 683 robur
1027 618 1192 702 Anglorum

92 747 161 791 cum
177 725 274 808 prisca
287 723 424 788 libertate
444 725 587 793 corruit.†

142 826 230 889 'l'uuc
258 825 368 889 iactum
391 832 437 888 est
456 824 529 889 illud
554 823 685 888 mirabile
707 823 743 888 de
769 823 864 889 corvio
884 831 915 887 et
938 822 1024 886 oculo
1046 821 1193 886 maculato

91 926 124 990 in
146 926 219 990 villa
240 949 307 1010 que
326 927 436 991 dicitur
456 927 556 989 Turre.
602 927 701 1010 Igitur
716 926 887 990 Willelmus
904 924 1069 1009 subjugatis
1085 924 1192 1006 Anglis

90 1027 139 1092 die
154 1027 272 1092 Natalis
286 1029 408 1092 Domini
423 1028 589 1092 Londouiae
604 1033 764 1091 coronatur
773 1028 810 1091 ab
825 1027 957 1091 Aldredo
975 1027 1193 1110 archiepiscopo

89 1130 280 1194 Eboracensi.
303 1130 433 1194 Gerebat
461 1131 539 1193 enim
569 1130 601 1192 id
631 1152 742 1192 munus
772 1153 788 1192 a
812 1129 957 1212 stigando
987 1128 1192 1192 cantuariensi

90 1233 232 1316 accipere,
254 1231 333 1315 quod
354 1240 431 1295 esset
454 1232 479 1295 is
501 1231 738 1314 archiepiscopus
757 1253 819 1294 non
840 1231 981 1312 legitime.
1027 1229 1192 1293 Coronatus

90 1341 137 1398 est
164 1341 265 1398 autem
293 1357 373 1397 anuo
408 1334 445 1398 ab
477 1335 678 1398 incarnatione
706 1333 831 1397 Domini
861 1331 1052 1408 MLXVlIo,
1083 1333 1191 1394 exactis

10 1501 11 1507 χ
89 1436 127 1499 ab
150 1437 236 1500 initio
258 1437 364 1500 mundi
385 1439 470 1500 annis
493 1459 544 1498 sex
565 1436 695 1499 millibus
714 1437 849 1498 ducentis
874 1443 903 1498 et
924 1433 1084 1498 LXIIbns.
1123 1433 1191 1502 Qui

90 1539 329 1622 regnavitannis
347 1539 443 1617 xxti,
460 1538 611 1601 mensibus
629 1539 669 1616 X,
685 1548 715 1601 et
729 1536 877 1600 XXVIII
893 1537 1006 1600 diebus.

516 1672 755 1736 VIMCCLXII.

133 1807 207 1869 Post
241 1804 422 1870 Edwardum
451 1830 505 1891 pro
534 1807 654 1890 regibus
683 1829 833 1871 surrexere
860 1808 891 1870 in
924 1807 1034 1891 Anglia
1064 1808 1189 1892 tyranni.

93 1907 248 1972 Haraldus
261 1930 360 1971 comes
380 1909 450 1971 fecit
473 1909 622 1972 ecclesiam
639 1918 748 1972 sanctae
764 1911 858 1973 crucis
879 1909 916 1972 de
940 1909 1118 1986 Walteham,
1140 1908 1190 1972 nbi

88 2018 118 2073 et
134 2032 241 2094 corpus
259 2011 322 2094 ejus
343 2010 475 2074 delatum
494 2017 539 2074 est
561 2012 597 2074 de
619 2011 710 2089 Bello,
735 2021 885 2075 annuente
901 2034 970 2095 rege
985 2011 1137 2075 Willelmo
1153 2011 1190 2074 ad

87 2110 263 2195 petitionem
282 2113 404 2189 mutris;
426 2112 536 2175 fecerat
550 2112 591 2175 ibi
608 2113 764 2176 canonicos
789 2113 1014 2197 praebendarios,
1039 2113 1089 2196 qui
1109 2123 1190 2197 post-

88 2211 211 2275 modum
227 2211 264 2275 ab
278 2210 411 2276 Henrico
425 2236 495 2296 rege
515 2214 646 2278 secundo
668 2215 793 2298 expulsi,
813 2237 847 2278 eo
871 2215 950 2298 quod
973 2214 1191 2278 incontinenter

89 2314 233 2392 viverent,
256 2315 390 2378 canonici
412 2317 562 2399 regulares
585 2316 711 2380 suntab
737 2339 773 2380 eo
803 2317 1029 2380 subintroducti.
1075 2317 1190 2381 Dicunt

91 2420 192 2479 autem
214 2417 352 2480 nonnulli
376 2418 455 2501 quod
477 2418 525 2481 hic
550 2418 699 2481 llaraldus
717 2429 748 2482 et
771 2419 865 2482 Ghert
888 2420 979 2483 irater
1001 2423 1065 2505 ejus
1086 2422 1118 2484 iu
1138 2421 1189 2484 illo

89 2518 248 2582 certamine
263 2519 460 2583 interoccisos
476 2520 534 2603 ipsi
545 2521 674 2604 graviter
688 2521 833 2585 vulnerati
849 2521 1027 2599 delituerint,
1043 2533 1190 2608 nocteque

91 2617 285 2703 subsequenti
299 2621 478 2704 aufugerint,
494 2630 525 2686 et
545 2623 625 2705 quod
649 2623 839 2706 postmodum
862 2625 893 2687 in
911 2627 1059 2689 eremitica
1082 2628 1189 2690 vitain

89 2721 206 2785 Cestria
220 2722 333 2786 diutius
351 2725 477 2788 vixerint
499 2747 591 2808 usque
611 2725 648 2789 ad
663 2734 795 2809 tempora
808 2727 886 2810 regis
910 2727 1033 2792 Henriei
1050 2730 1189 2805 Secundi,

94 2904 1188 2936 Μ

127 3037 143 3095 I
166 3034 197 3086 Iu
217 3035 262 3088 the
280 3040 383 3108 margin
403 3043 433 3094 of
447 3042 491 3094 tbe
510 3045 566 3096 MS.
581 3045 816 3100 iswbatfollows:
838 3051 896 3103 Rex
917 3052 1058 3116 Humidus,
1079 3058 1189 3110 audiens

91 3119 254 3173 willelmum
279 3123 435 3179 Bastardurn
452 3147 513 3181 cum
530 3131 678 3184 Vcatervis
693 3135 839 3204 splendidis
851 3139 964 3190 militum
978 3142 1048 3210 apud
1064 3143 1189 3214 Hearing·

89 3205 138 3258 lies
150 3205 315 3273 adventasse,
330 3213 462 3280 promovit
469 3216 552 3267 aciem
563 3218 713 3286 Auglornm
726 3221 752 3270 iu
763 3221 850 3289 planis
863 3223 1039 3293 Hastingbes;
1058 3241 1189 3297 puguatu-

88 3307 134 3343 rus
144 3309 215 3355 rero,
226 3300 308 3346 totam
318 3307 424 3363 gentem
435 3302 545 3354 suumin
554 3320 609 3356 uua
617 3303 674 3356 acie
682 3307 845 3360 strictissime
852 3309 958 3374 locarit,
968 3318 997 3364 et
1010 3314 1084 3381 quasi
1097 3317 1190 3368 castel·

87 3376 145 3428 lum
158 3380 313 3443 construxit,
326 3381 364 3433 ita
374 3393 405 3435 ut
416 3385 631 3456 impenetrabiles
641 3402 731 3442 essent
741 3393 911 3446 Normennis.
950 3397 1046 3450 Docuit
1058 3417 1121 3468 ergo
1134 3401 1188 3454 dux

88 3461 238 3514 willelmus
249 3466 323 3533 genti
335 3485 390 3519 suae
403 3469 494 3539 fugam
507 3474 638 3538 simulare,
653 3477 784 3546 fugientes
794 3488 881 3532 autern
896 3483 928 3533 ad
941 3485 1074 3552 quendam
1084 3487 1187 3540 foveam

88 3564 215 3616 magnam
244 3550 334 3604 dolose
357 3555 391 3605 ab
415 3558 510 3625 Anglis
535 3571 681 3629 protectam
706 3563 878 3628 devenerunt,
903 3568 949 3618 ubi
976 3571 1073 3624 multus
1097 3591 1187 3625 eorum

87 3647 215 3685 numento
228 3652 352 3689 corruens
365 3657 504 3709 oppressus
517 3656 564 3698 est.
603 3647 672 3698 Dum
687 3666 749 3717 ergo
763 3652 843 3719 Angli
857 3653 1022 3723 insequendo
1034 3659 1186 3726 persistunt,

86 3719 159 3770 scies
173 3718 327 3790 principalis
342 3725 557 3781 Normanuornm
576 3733 689 3784 mediam
708 3736 857 3803 Anglorum
876 3749 1008 3792 catervam
1027 3746 1186 3812 pertransiit,

88 3803 162 3872 quod
177 3804 298 3858 videntes
311 3808 357 3876 qui
369 3813 594 3880 persequebantur
607 3819 770 3884 perfossam
784 3822 939 3889 praedictam
951 3827 1035 3878 redire
1050 3831 1187 3898 compulsi,

86 3887 190 3940 ibidem
203 3907 237 3941 ex
252 3909 350 3962 magna
369 3905 443 3964 parte
465 3901 609 3968 perierunt.
647 3903 745 3957 Docuit
768 3908 845 3960 etiam
869 3910 932 3962 Dux
952 3911 1101 3966 Willeluius
1119 3916 1187 3968 viros

88 3973 241 4042 sagittarios
253 3983 283 4028 ut
293 3980 381 4030 nonin
392 3981 494 4036 bostem
505 3985 614 4052 directe,
627 3989 673 4040 sed
686 3991 712 4042 in
723 4009 785 4044 aera
798 4011 899 4047 sursum
911 3998 1020 4065 sagittas
1030 4001 1187 4066 emittentes,

86 4074 202 4110 cuneum
216 4057 339 4116 hostilem
354 4065 454 4134 sagittis
467 4082 605 4134 caecarent,
621 4075 692 4141 quod
705 4077 800 4146 Anglis
812 4097 908 4148 magno
921 4082 972 4134 fuit
985 4083 1149 4140 detrimento,

621 4142 656 4204 21
