3042 5134
301 469 363 540 180
722 464 867 536 ninum
892 463 997 536 Nrunt

294 643 514 728 archiepiscopo
530 639 695 706 Cantuariae
710 653 893 706 sacramento
908 642 1045 727 probavit
1058 641 1150 726 qnod,
1161 641 1231 707 dum
1248 654 1300 707 rex
1319 635 1402 708 Heu*

293 747 372 810 riom
386 752 487 830 ageret
510 745 542 807 in
556 744 705 821 extremis,
728 743 801 807 ortis
824 743 1000 827 quibusdam
1023 746 1187 809 inimicitiis
1209 747 1404 832 interipsum

292 856 324 913 et
351 846 578 932 imperatricem,
614 847 709 930 ipsam
732 846 938 924 exhaeredavit,
969 855 1000 912 et
1038 845 1222 933 Stephanum
1263 851 1402 914 comitem

295 946 441 1014 Bononia
456 956 486 1013 et
501 949 663 1012 Moretonii
677 949 824 1012 haeredem
838 949 977 1012 instituit.

337 1051 506 1135 Stephanus
522 1071 620 1114 comes
635 1050 796 1114 Moretonii
811 1059 842 1114 et
862 1051 1017 1128 Bononiae,
1042 1068 1135 1136 nepos
1157 1053 1244 1136 regis
1262 1061 1404 1138 utsupra

293 1153 364 1231 dixi,
383 1154 435 1237 qui
449 1159 517 1237 post
532 1174 632 1236 regem
647 1152 754 1216 Scotiae
770 1153 883 1236 primus
898 1153 1041 1216 laieorum
1055 1153 1145 1218 iidem
1168 1177 1252 1219 suam
1275 1156 1403 1240 impera-

293 1256 361 1320 trici
375 1256 580 1332 obstrinxerat,
596 1255 628 1318 in
651 1254 792 1338 Angliam
807 1278 860 1339 per
880 1255 1020 1319 Witsand
1045 1258 1205 1321 maturavit
1227 1258 1401 1322 adventum.

293 1360 398 1444 Eloque
412 1357 460 1423 die
473 1381 534 1442 qno
549 1357 692 1442 appulsus
707 1364 752 1420 est
766 1358 796 1420 iu
810 1357 959 1440 Angliam,
977 1380 1094 1422 summo
1110 1381 1196 1422 mane
1211 1367 1401 1442 gravaturam

292 1461 398 1525 hiemis
408 1461 603 1544 'terricrepum
623 1481 729 1522 sonum
744 1461 869 1523 tonitrui
885 1483 953 1524 eum
974 1460 1121 1524 horrendo
1143 1460 1260 1545 lulgore
1273 1462 1342 1540 luit,
1368 1469 1403 1526 ut
1436 1493 1439 1502 λ

293 1561 480 1646 paulominus
502 1560 630 1624 mundus
659 1560 735 1623 solvi
765 1561 958 1624 estimaretur.
1006 1562 1176 1626 Coronatus
1198 1571 1244 1626 est
1265 1586 1337 1647 ergo
1368 1564 1401 1626 in

294 1683 394 1748 regem
425 1663 544 1747 Angliae
567 1663 735 1747 Stephanus
758 1663 839 1747 apud
867 1664 1165 1728 Westmonasterium
1195 1664 1402 1730 Xlosealend.

295 1763 443 1842 ianuarii,
467 1765 621 1841 dominica,
647 1765 713 1829 XII
735 1765 783 1828 die
805 1773 873 1850 post
895 1767 1047 1830 decessum
1073 1769 1213 1832 avunculi
1236 1770 1293 1846 sui,
1322 1791 1401 1832 antio

294 1866 461 1932 Dominieae
479 1866 687 1930 incarnationis
714 1867 939 1947 MoXXXoVo,
967 1869 1062 1932 tribus
1077 1871 1223 1955 episcopis
1248 1873 1402 1956 praesenti-

291 1968 358 2046 bns,
374 1967 537 2031 Willielmo
552 1967 772 2053 archiepiscopo
794 1969 1009 2048 Cantuariensi,
1035 1972 1166 2037 Henrico
1182 1974 1400 2052 Wintoniensi,

291 2071 410 2156 Rogero
432 2069 652 2142 Sarisburiensi,
676 2071 767 2135 nullis
789 2071 957 2151 abhatibus,
981 2075 1167 2158 paucissimis
1191 2077 1400 2160 optimatibus,

291 2172 446 2238 Concessit
460 2190 512 2235 rex
528 2173 696 2256 Stephanus
711 2174 743 2236 in
759 2174 807 2237 die
831 2177 1031 2239 coronationis
1051 2199 1112 2240 suas
1129 2177 1233 2261 primo,
1251 2178 1332 2260 quod
1350 2179 1400 2241 dc*

291 2277 462 2340 functorum
478 2275 683 2359 episcoporum
699 2297 851 2360 nunquam
874 2278 1013 2342 retineret
1031 2279 1167 2343 ecelesias
1182 2279 1213 2342 in
1228 2301 1320 2342 manu
1336 2304 1399 2358 sna,

292 2378 345 2442 sed
360 2378 461 2441 statim
477 2377 621 2460 episcopis
647 2399 695 2440 eas
710 2377 886 2456 investiret;
914 2379 1055 2454 secundo,
1081 2381 1160 2464 quod
1182 2381 1296 2444 nullius
1311 2382 1400 2445 silvas

293 2481 325 2544 in
340 2503 430 2544 manu
444 2501 498 2543 sna
512 2479 660 2557 retineret,
676 2479 751 2542 sicut
771 2497 823 2543 rex
849 2481 997 2544 lienrious
1021 2483 1139 2560 lecerat,
1161 2483 1289 2566 singulis
1312 2485 1401 2547 annis

293 2605 343 2645 eos
368 2580 554 2665 inplacitans,
578 2581 604 2643 si
618 2581 651 2643 in
666 2581 746 2644 silvis
761 2583 887 2666 propriis
904 2584 1092 2648 venationem
1117 2587 1277 2670 cepissent,
1305 2586 1354 2648 vel
1370 2588 1395 2648 sl

294 2707 344 2748 eas
356 2684 392 2748 ad
408 2683 596 2746 necessitates
611 2705 679 2746 suas
695 2685 876 2767 extirparent
893 2685 940 2747 vel
960 2685 1178 2752 diminuerent:
1196 2689 1295 2764 tertio,
1313 2687 1396 2771 quod

294 2784 513 2868 Denegeldum,
529 2783 561 2846 id
576 2792 621 2846 est
636 2783 711 2847 duos
730 2785 840 2848 solidos
858 2786 896 2848 ad
921 2787 1019 2850 hidam
1042 2809 1116 2870 quos
1132 2797 1334 2854 antecessores
1352 2791 1399 2853 sul

294 2883 486 2969 accipiebant,
503 2883 690 2948 condonavit
738 2885 814 2950 Haee
829 2887 893 2950 Deo
910 2888 990 2950 vovit
1009 2895 1038 2951 et
1054 2889 1110 2953 alia
1130 2890 1183 2953 scd
1198 2891 1273 2953 nihil
1288 2891 1399 2954 horum

291 2989 400 3053 tenuit.

336 3092 451 3157 Eodem
480 3112 557 3158 auito
588 3090 683 3158 David
713 3111 767 3158 rex
796 3093 963 3158 Scottorum
988 3089 1057 3159 dolo
1080 3093 1158 3180 cepit
1181 3093 1240 3160 dno
1266 3091 1398 3170 castella,

293 3194 405 3260 scilicet
418 3194 540 3260 Novum
556 3197 717 3261 Castellum
736 3206 765 3261 et
781 3197 898 3262 Carliol.
945 3199 1098 3262 Promovit
1112 3201 1205 3282 igitur
1217 3222 1268 3262 rex
1283 3201 1394 3263 exerci-

293 3306 360 3360 tum
374 3306 477 3361 contra
488 3299 583 3362 David
596 3326 605 3377 ;
621 3301 669 3363 eui
684 3318 840 3362 occurrens
857 3300 954 3363 David
964 3299 1160 3364 concordatus
1174 3309 1218 3363 est
1230 3301 1255 3364 ei
1269 3301 1397 3364 reddens

293 3399 321 3461 ei
336 3399 459 3463 Novum
475 3400 645 3478 Castellum,
667 3402 778 3464 Carliol
799 3420 868 3464 vero
891 3403 1078 3465 corieessione
1101 3403 1178 3483 regis
1205 3403 1340 3479 retinuit,
1368 3410 1399 3464 et

297 3499 444 3563 Henrieus
458 3501 539 3564 filins
555 3503 617 3585 ejus
633 3503 721 3565 homo
735 3504 814 3586 regis
840 3503 982 3587 Stephani
998 3503 1122 3566 effectus
1148 3511 1201 3566 est.
1238 3497 1393 3586 lledltque

294 3601 322 3665 ei
345 3603 420 3686 regis
443 3602 573 3687 burgum
586 3606 665 3686 quod
681 3619 802 3668 notatur
819 3604 1020 3669 Huntendnn·

337 3703 444 3768 Postea
478 3706 516 3768 ad
543 3707 711 3788 rogationes
727 3707 914 3790 divulgatum
944 3723 989 3772 est
1015 3730 1113 3792 regem
1138 3719 1290 3770 mortuum
1319 3729 1394 3770 esse.

294 3806 384 3876 Quod
408 3807 530 3872 audiens
561 3808 654 3892 Hngo
676 3806 774 3891 Bigod
797 3809 949 3873 castellnm
973 3811 1009 3873 de
1031 3811 1167 3873 Noreuiz
1188 3809 1311 3884 intravit
1340 3831 1399 3872 nec

292 3909 413 3973 reddere
428 3910 523 3973 voluit
538 3909 595 3973 nisi
612 3911 668 3994 ipsi
683 3911 753 3992 regi.
772 3911 839 3973 Jam
853 3933 922 3994 ergo
934 3913 1023 3994 coepit
1039 3911 1133 3974 rabies
1149 3905 1395 3974 Normanuorum

284 4011 421 4094 „perjurio
451 4019 482 4074 et
510 4012 677 4095 proditione
697 4011 853 4094 pullulare.
886 4012 984 4094 Coepit
1013 4029 1084 4096 ergo
1107 4035 1157 4076 rex
1180 4013 1334 4076 castellum
1359 4013 1396 4075 de

293 4111 489 4176 Habendune.
535 4113 611 4176 lnde
622 4113 738 4177 obsedit
753 4114 899 4178 Exouiam
916 4137 1004 4197 qnam
1022 4137 1086 4178 sero
1102 4115 1192 4198 eoepit
1207 4125 1238 4178 et
1253 4115 1393 4178 Balderi·
