3042 5134
477 476 479 479 ·
539 441 731 508 Cnuoarooa
745 439 774 507 1.
1139 441 1203 507 108

92 619 176 676 cnm,
186 594 309 660 infinita
321 593 498 662 liberalitate
512 595 682 680 Anglcrum
697 601 730 660 et
754 595 1051 660 transmaritanorum
1066 594 1203 662 fidelium

89 700 159 785 ejus
188 699 315 762 multam
345 697 499 783 pecuniam
521 696 560 762 ad
582 697 798 762 redemtionem
826 697 1024 781 collegerunt.
1097 697 1204 766 Soluta

90 802 190 887 igitur
204 802 331 887 pecunia
345 801 424 866 sicat
437 800 578 866 convenit
601 823 638 864 en
653 807 737 885 parte
761 802 845 864 omni
857 800 1028 866 conditione
1044 822 1134 884 quam
1149 802 1206 865 im·

93 905 228 990 paraturi
241 903 374 988 impleta,
391 903 429 967 de
451 903 568 987 reliqua
590 903 717 987 pecunia
732 901 888 966 obsidibus
915 902 1001 981 datis,
1026 924 1089 968 noa
1114 903 1205 968 simul

93 1015 201 1072 tamen
215 1005 280 1070 sine
294 1005 481 1084 difficultate,
498 1005 619 1070 demum
635 1005 778 1070 tamenin
793 1005 947 1088 Angliam,
961 1013 991 1068 et
1006 1012 1110 1089 postea
1124 1003 1207 1070 brevi

95 1111 196 1196 spatio
210 1111 347 1175 transivit
360 1110 395 1174 in
408 1111 436 1174 N
441 1111 633 1174 ermanniam.
678 1109 772 1175 Nulla
786 1110 880 1194 igitur
896 1111 1016 1175 demum
1032 1111 1206 1196 interreges

96 1217 224 1280 inventa
238 1235 318 1298 pace,
333 1213 405 1277 hinc
429 1213 500 1278 inde
527 1213 641 1278 diutius
665 1213 839 1277 dimicatum
867 1220 922 1278 est.
977 1214 1107 1278 Demum
1134 1236 1206 1279 vero

97 1316 373 1381 intervenientibus
387 1316 532 1401 religiosis
542 1317 613 1380 viris
623 1322 654 1380 et
662 1316 849 1402 principibus
861 1321 962 1380 taxato
974 1323 1032 1380 tem
1036 1339 1107 1401 pore
1118 1317 1206 1381 iudu-

97 1420 162 1483 cias
177 1419 370 1483 firmaverunt
386 1426 533 1503 quatenus
557 1419 665 1484 deinde
690 1419 888 1504 quieverunt,
917 1418 1036 1482 lirmata
1063 1441 1146 1504 pace,
1174 1427 1204 1482 et

99 1521 162 1584 hoc
175 1520 278 1585 multis
302 1521 570 1585 intervenientibus
585 1520 770 1585 elaboratum
796 1527 852 1585 est.
908 1519 997 1584 Circa
1014 1543 1048 1585 ea
1073 1536 1208 1606 tempora

99 1623 272 1688 Tancredus
286 1646 340 1687 rex
364 1624 480 1697 Sicilia,
504 1631 534 1688 et
548 1623 609 1689 duo
632 1625 688 1688 lilii
713 1625 777 1709 ejus
803 1623 913 1688 mortui
929 1629 1010 1701 sunt,
1040 1621 1205 1688 substituto

98 1733 202 1790 tamen
217 1748 309 1810 puero
323 1727 356 1790 iu
371 1748 470 1810 regem
486 1726 645 1790 destinato.
690 1725 859 1810 Imperator
874 1748 942 1789 vero
962 1723 1115 1790 Hearicus
1132 1747 1205 1789 uxo-

102 1849 169 1891 rem
183 1850 268 1891 suam
289 1827 494 1892 Constantiam
518 1828 612 1893 filiam
626 1827 704 1912 regis
731 1829 843 1911 Rogcri
868 1828 976 1892 Siciliae
1003 1827 1148 1912 praemisit
1174 1828 1206 1890 in

104 1929 258 2014 Apuliam,
273 1936 304 1994 et
319 1930 420 1994 multis
434 1931 467 1994 in
492 1930 566 1994 locis
589 1928 776 1994 baereditario
799 1930 866 2015 jure
881 1929 1021 1994 obtinuit.
1066 1930 1093 1993 E
1111 1929 1209 1993 vicino

105 2039 207 2096 tamen
228 2041 374 2116 sequutus
397 2038 443 2096 est
468 2033 629 2117 imperator
652 2032 734 2096 dives
759 2053 833 2096 auro
858 2039 889 2096 et
903 2039 1028 2117 argento
1043 2055 1060 2096 a
1075 2032 1212 2116 captione

103 2133 225 2197 Ricardi
239 2133 317 2219 regis
332 2134 450 2218 Angliae
465 2135 518 2218 qui
539 2134 576 2198 de
594 2135 831 2219 peregrinatione
850 2133 985 2211 redierat,
1001 2133 1210 2218 copiosamque

104 2236 263 2321 pecuniam
277 2242 438 2320 acceptam,
453 2235 535 2300 brevi
549 2236 678 2300 transitu
692 2237 835 2320 Apuliam
849 2243 880 2299 et
894 2234 1060 2300 Calabriam
1072 2241 1103 2299 et
1112 2235 1208 2298 Sicili-

106 2363 156 2404 am
186 2339 331 2405 obtinuit.
400 2338 560 2424 Saladinus
589 2361 659 2402 vcro
684 2339 823 2402 dominus
849 2339 988 2402 Damasci
1013 2345 1043 2402 et
1071 2338 1210 2421 princeps

108 2443 212 2526 Syriae,
230 2452 261 2506 et
276 2442 428 2506 Solitanus
445 2440 616 2526 Babyloniae
631 2447 662 2504 et
676 2463 728 2504 rex
742 2447 887 2504 terrarum
902 2439 1038 2524 AEgypti,
1055 2446 1086 2503 et
1095 2440 1211 2523 primus

107 2567 214 2628 regum
227 2551 322 2621 temae,
341 2543 502 2628 subjugata
526 2543 742 2628 Hierosolyma,
767 2549 798 2606 et
825 2542 888 2606 lere
913 2548 978 2607 tota
1008 2541 1153 2606 Palestina
1180 2547 1210 2606 et
1260 2569 1261 2574 ¹

108 2647 206 2711 multa
231 2647 442 2710 Saracenorum
457 2669 567 2730 regna3
583 2645 743 2711 ineffabilis
757 2645 861 2731 gloriae
876 2652 907 2710 et
929 2644 1082 2710 inauditos
1104 2644 1210 2710 trium-

108 2751 187 2835 phos
211 2750 356 2828 elevatus,
384 2750 422 2815 ad
447 2750 622 2835 religionem
652 2749 837 2814 Mahume'tia
873 2748 1053 2827 convolavit,
1082 2755 1113 2812 et
1127 2747 1211 2832 prius

110 2876 203 2938 quam
225 2853 263 2917 ad
278 2853 370 2918 Mech
388 2853 487 2931 rediit,
511 2852 665 2938 expiravit.
709 2851 783 2916 Filii
806 2856 906 2916 autem
920 2851 1000 2916 illius
1023 2850 1062 2915 ad
1083 2850 1213 2913 invicem

111 2956 282 3022 conturbati
305 2962 387 3034 sunt,
417 2956 490 3020 adeo
516 2962 551 3021 ut
574 2955 612 3019 ad
631 2977 735 3019 eorum
760 2953 1022 3019 conturbationem
1043 2952 1214 3017 Christiana

113 3060 220 3144 religio
246 3058 340 3123 multa
355 3081 392 3122 ex
406 3080 478 3142 pace
508 3057 688 3143 conquievit.
732 3056 858 3121 Domini
887 3056 981 3141 igitar
1008 3061 1053 3118 est
1083 3068 1159 3118 terra
1185 3058 1216 3118 et

111 3160 269 3246 plenitudo
281 3161 355 3245 ejus,
368 3166 399 3224 et
413 3160 550 3224 Saraceni
566 3165 597 3223 et
608 3157 770 3224 Christiani
780 3158 890 3242 pariter
899 3156 972 3220 fidei
985 3156 1018 3219 iu
1028 3155 1216 3239 iniquitatem

112 3286 168 3348 pro
184 3262 290 3328 merito
305 3262 507 3340 contulerunt,
524 3268 559 3326 ut
587 3268 618 3325 et
632 3260 707 3324 mari
732 3265 763 3323 et
793 3265 873 3322 tarra
897 3259 1039 3342 iniquitas
1060 3257 1216 3322 hominum

114 3371 278 3451 prematur.

158 3470 245 3534 Circa
259 3469 352 3553 igitur
365 3469 430 3534 haec
455 3476 588 3554 tempora
614 3466 775 3532 Danubius
799 3466 899 3532 subito
922 3465 1032 3550 irrupit
1047 3469 1078 3528 et
1102 3462 1217 3527 multos

114 3572 194 3636 fines
217 3579 362 3636 terrarum
393 3572 531 3650 extinxit,
560 3571 694 3635 homines
723 3578 754 3634 et
775 3572 912 3657 jumenta
934 3575 965 3634 et
990 3567 1050 3633 alia
1072 3572 1217 3632 terrarum

114 3673 257 3740 volatilia.
281 3674 438 3739 Redeunte
452 3674 572 3738 demum
588 3672 731 3738 Danubio
746 3674 779 3738 in
794 3674 912 3738 alveum
926 3693 1014 3736 suum
1030 3671 1167 3735 exierunt
1181 3667 1219 3732 de

115 3784 195 3842 terra
210 3777 330 3854 culices,
354 3783 384 3841 et
400 3782 592 3840 vastaverunt
603 3796 691 3861 agros
704 3782 736 3840 et
756 3775 858 3839 vineas
881 3780 912 3838 et
927 3772 1057 3850 arbusta,
1073 3777 1104 3835 et
1129 3769 1220 3854 depc-

121 3880 307 3965 pulaverunt
322 3880 492 3944 universam
506 3886 608 3943 trram.
638 3878 818 3962 Irruperant
844 3877 937 3962 igitur
950 3875 1033 3960 porci
1060 3881 1090 3939 et
1115 3871 1221 3955 aliquae

116 3982 184 4048 aliar
208 3981 322 4060 bestiae,
346 3988 378 4046 et
398 3982 549 4046 irruerunt
562 3981 595 4046 in
610 3981 719 4045 culices
735 3981 911 4046 devorantes
934 4001 992 4057 ear,
1007 3989 1036 4042 ct
1062 3973 1221 4060 ingrassati

119 4090 194 4149 aunt
208 4083 408 4163 vehementer,
424 4090 455 4151 et
470 4083 558 4148 multi
570 4082 681 4148 mortui
695 4090 777 4147 sunt.
802 4082 941 4167 Sageuati
953 4103 1021 4146 vero
1037 4079 1128 4165 porci,
1142 4096 1220 4139 mor-
