3042 5134
438 566 442 573 ·
485 540 676 613 erroneos
700 539 728 612 l.
1137 550 1175 613 73

87 728 144 800 liei
161 731 199 800 ab
211 725 353 821 episeopo
367 733 543 799 inebrians
556 732 685 817 riaginis
699 734 786 798 annis
811 733 843 797 in
858 730 907 798 die
921 733 1031 813 Ooenm,
1046 742 1076 799 et
1090 740 1176 799 vatus

80 860 171 924 propa
212 860 335 905 novum.
363 836 493 902 incendi.
548 836 690 901 Instituit
735 842 767 900 et
803 838 973 902 memoriam
1010 838 1176 903 Dominioae

86 940 222 1029 pusionis
246 941 280 1004 in
304 938 490 1005 oonieotione
514 938 711 1005 Eucharistiae
733 938 810 1018 fieri,
837 946 867 1006 et
895 962 933 1005 ax
947 962 1023 1026 aqua
1048 947 1079 1006 et
1104 940 1175 1005 vino

88 1048 148 1106 tum
174 1042 284 1107 debore
311 1041 431 1107 ooulici.
512 1040 692 1119 celestinus,
717 1040 867 1105 introitus
895 1048 927 1107 et
956 1041 1128 1122 Gradualia,
1144 1050 1176 1107 et

86 1143 249 1222 Oliertoria,
263 1151 295 1209 et
308 1150 378 1230 post
397 1143 556 1209 conciones
570 1166 607 1208 ex
620 1137 750 1207 Psalmis
762 1170 772 1223 ;
795 1139 1003 1229 Telesphorus,
1010 1134 1174 1230 jejunium,

85 1254 114 1311 ot
131 1245 230 1312 Gloria
251 1246 288 1311 irs
300 1247 452 1339 hecatem
467 1246 639 1330 Gregorius,
664 1247 759 1310 uarie
778 1242 910 1327 Mesoa,
931 1254 962 1311 et
977 1242 1174 1333 Hallelrp‘uk3

85 1348 225 1429 Gelasius,
249 1348 397 1414 Golleotas
432 1354 463 1412 et
486 1348 700 1427 Praefationes3
717 1346 822 1413 Sirius
848 1350 987 1434 apposuit
1020 1350 1175 1435 hymnum,

84 1452 209 1530 Sumus,
218 1453 354 1530 Sanetus,
364 1452 489 1543 &uotae
497 1456 528 1515 et
536 1457 651 1515 oaetera.
688 1450 820 1534 Sergius,
831 1453 932 1533 Aquas
940 1450 1000 1516 Dei
1009 1458 1054 1515 ter
1062 1456 1175 1519 cantari

87 1557 280 1636 insonoione,
295 1563 327 1622 et
339 1557 458 1621 litanias
471 1557 504 1619 in
519 1556 761 1621 Annunoiatione
776 1562 807 1620 et
817 1555 850 1620 in
865 1556 954 1645 Festo
971 1557 1132 1643 Ypapanti,
1145 1567 1176 1625 et

84 1657 310 1738 inNativitate,
337 1658 423 1723 etin
448 1656 672 1743 A'ssumptiona.
732 1657 881 1723 Damasus
910 1661 1001 1726 Gredo
1026 1662 1060 1726 ia
1079 1662 1176 1727 naua

85 1760 229 1845 apposuit.

121 1863 212 1948 Apud
240 1861 532 1948 Constantinopolim
561 1862 624 1927 Leo
652 1860 700 1927 vel
728 1858 873 1929 Leontius
902 1864 1083 1931 interimitur
1106 1866 1176 1934 dolo

82 1966 232 2031 Michaelis
256 1972 288 2031 et
310 1967 507 2051 optimatum
536 1972 566 2030 et
585 1964 718 2029 Michael
740 1965 768 2029 ei
794 1964 995 2047 substituitur,
1022 1971 1074 2055 qui
1098 1970 1177 2036 inter

79 2068 132 2133 ulia
164 2091 291 2135 munera
325 2069 409 2133 misit
442 2068 614 2153 imperatori
649 2066 805 2149 Ludorioo
844 2068 1049 2137 Hierarohiam
1093 2072 1173 2139 beati

83 2172 224 2258 Dionysii.

129 2274 168 2339 In
185 2273 286 2339 Dacis
304 2279 375 2359 post
394 2267 600 2338 Gedelredam
612 2272 747 2358 regnavit
764 2268 956 2351 Hommineh,
971 2275 1113 2359 patruelis
1127 2278 1176 2343 vel
1303 2250 1305 2255 Ι

82 2376 160 2441 lilius
190 2376 365 2455 Godeirsdi,
397 2382 429 2439 et
460 2397 563 2461 paoem
589 2375 662 2439 ieoit
693 2397 763 2440 oum
796 2376 913 2455 Oarolo,
947 2384 979 2442 et
1005 2378 1176 2445 Heodomin

81 2478 203 2544 fluvium
237 2478 309 2543 iecit
329 2478 416 2563 regui
438 2477 485 2541 sui
505 2477 678 2542 terminum.
700 2478 775 2542 Post
801 2500 870 2542 eum
891 2500 961 2544 vero
983 2479 1117 2564 sigafrid
1145 2488 1176 2547 et

80 2582 176 2646 hnuto
187 2580 406 2646 contendentes
419 2578 458 2644 ‹ie
476 2600 579 2665 regno,
603 2601 673 2644 oum
687 2580 738 2645 XI
751 2578 884 2645 millibus
898 2581 1054 2647 hominum
1069 2590 1176 2650 mutuo

78 2704 107 2747 se
135 2683 321 2755 oooiderunt.
381 2679 455 2746 Pars
485 2704 556 2746 vero
587 2682 739 2747 Anuloois
772 2683 889 2763 victrix,
921 2684 1113 2765 Remlredum
1145 2694 1177 2753 et

81 2784 250 2850 limaadem
272 2784 437 2869 elegerunt.
491 2782 658 2849 -Haraudus
681 2807 751 2850 vero
775 2786 968 2851 Remlredum
992 2788 1119 2873 expulit,
1145 2798 1177 2855 et

79 2910 142 2953 oum
171 2890 352 2974 imperatore
375 2887 474 2953 imdus
509 2886 588 2951 iniit.
632 2886 696 2957 Qui
726 2893 829 2952 tamen
860 2910 878 2953 a
908 2888 980 2953 liliis
1013 2890 1175 2956 Godeiredi

78 2979 189 3074 pulsus,
212 2992 295 3075 apud
315 2989 504 3055 Ludorioum
524 2990 731 3075 imperatorem
753 2988 922 3075 baptizatus
954 2999 1009 3071 est,
1032 2998 1063 3057 et
1092 2994 1175 3058 resti-

80 3098 162 3158 tutus
183 3101 232 3159 est
252 3093 285 3157 io
306 3114 443 3177 regnam,
464 3092 567 3160 addita
582 3091 615 3159 ei
635 3091 740 3157 Frisia.

134 3194 227 3281 Apud
257 3193 548 3279 Constantinopolim
578 3194 736 3279 imperavit
767 3192 951 3277 Theophilus
981 3194 1042 3257 XV
1072 3196 1175 3276 annis;

78 3294 250 3374 lautharius,
283 3319 430 3381 usurpans
462 3296 631 3383 imperinm,
659 3297 816 3382 imperavit
848 3296 909 3361 XV
942 3297 1037 3362 annis.
1082 3298 1177 3363 Filius

77 3399 163 3484 hujus
194 3400 384 3466 confirmavit
417 3399 556 3483 Sergium
584 3421 703 3484 papam,
733 3407 765 3463 et
799 3406 908 3463 unctus
939 3406 985 3463 est
1016 3399 1110 3465 abeo
1142 3402 1175 3466 in

74 3522 173 3587 regem
194 3501 474 3587 Irongobardorum.
533 3502 675 3567 Diriaum
704 3509 750 3566 est
773 3502 894 3566 tandem
918 3502 1079 3588 imperium
1098 3504 1177 3569 inter

77 3604 194 3683 iratres,
229 3617 260 3669 et
291 3602 412 3668 habuit<
430 3604 555 3669 Carolus
588 3604 757 3683 Fr'anoiam,
780 3604 955 3669 Irudovious
977 3606 1180 3685 Germaniam,

75 3706 235 3771 lotharius
257 3706 385 3772 Italiam.
450 3702 612 3771 lautharius
633 3723 703 3772 vero
724 3725 786 3786 rex,
810 3707 848 3771 ad
869 3705 1075 3791 probationem
1088 3710 1175 3773 inno·

75 3812 178 3875 oentiae
191 3810 339 3875 invitatus
354 3833 371 3873 a
389 3832 466 3896 papa
485 3810 630 3891 Adrian0,
653 3816 684 3874 et
705 3811 870 3896 applicatus
889 3810 927 3875 ad
948 3811 1178 3893 Eucharistiamr

74 3932 142 3975 oum
156 3910 299 3989 omnibus
314 3910 367 3996 qui
381 3901 450 3977 oum
465 3935 501 3979 eo
516 3920 627 3977 temam
640 3920 838 3991 accesserunt,
853 3912 958 3977 eodem
972 3935 1051 3977 anno
1066 3914 1177 3978 mortui

77 4019 158 4079 sunt.
409 4070 414 4077 .

125 4114 222 4199 Apud
246 4113 539 4201 Constantinopolim
564 4115 721 4199 imperavit
743 4114 918 4179 Michaelet
946 4114 1102 4178 Theodora
1117 4116 1177 4179 XV

72 4216 167 4281 annis.
221 4214 366 4281 Lorhaio
379 4217 558 4283 monachato
573 4218 752 4365 iulgrumia
777 4218 965 4294 monasterio,
991 4218 1175 4296 Ludovious,
