3042 5134
335 515 376 586 74
743 519 890 586 Ranmrr
912 517 1017 585 Nroru

336 696 411 760 ilius
443 697 518 782 ejus,
541 695 698 780 imperavit
721 697 807 759 aunis
829 693 890 758 XX
912 700 944 758 et
966 715 1081 773 unum3
1104 699 1136 758 et
1157 692 1241 778 apud
1262 690 1430 759 Cormtauri-

328 799 461 883 nopolim
483 797 613 863 Michael
642 797 722 862 solus
745 797 831 862 XIII
853 798 950 862 anuis.
1005 796 1167 861 Nicholam
1189 819 1298 882 papam
1321 796 1426 860 confrr-

175 919 179 928 ·
207 904 212 914 '
329 902 423 966 mavit
444 900 627 979 Ludovicus,
659 921 790 986 praesens
811 900 875 985 ejus
897 897 1097 977 ordinationi.⁴
1146 900 1238 963 Pater
1254 921 1328 963 uero
1349 922 1427 975 suus,

333 1005 489 1090 Theberga
517 1025 608 1072 uxore
633 1026 687 1069 sua
716 1003 867 1081 derelicta,
892 1001 1085 1066 Waldradam
1115 1001 1212 1079 duxit,
1236 1011 1270 1066 et
1284 1001 1430 1066 *seandalo

331 1129 441 1192 magno
455 1107 515 1172 luit
531 1113 562 1171 et
577 1105 686 1170 damno
700 1104 758 1170 sibi
773 1110 803 1169 et
814 1105 886 1169 suis.
939 1101 1031 1188 Apud
1043 1104 1337 1190 Constantinopolim
1351 1105 1429 1168 Basi·

330 1209 391 1274 lius
421 1208 543 1295 quidam
569 1206 721 1293 ignobilis,
748 1207 895 1271 exaltatus
923 1229 941 1271 a
968 1205 1125 1283 Michaele,
1150 1228 1221 1269 eum
1246 1207 1372 1284 occidit,
1396 1229 1431 1270 ne

332 1312 520 1377 occideretur
539 1309 576 1375 ab
597 1333 632 1374 eo
654 1309 830 1386 insaniente,
852 1314 883 1372 et
900 1307 1058 1392 imperavit
1078 1307 1181 1372 XVII
1201 1309 1300 1373 annis.

392 1415 496 1479 Rornae
533 1413 682 1478 Adrianus
714 1411 894 1476 centesimus
923 1417 1049 1494 quartus
1077 1410 1227 1494 praeiret.
1296 1411 1430 1488 Carolus,

332 1516 477 1581 defuncto
491 1515 643 1593 lothario,
656 1512 883 1598 Lotharingiam
898 1511 1005 1576 dividit
1019 1533 1089 1576 cum
1103 1511 1269 1576 Ludorioo.
1316 1511 1357 1575 In
1369 1511 1436 1576 filiis

338 1641 408 1682 vero
433 1618 495 1682 snis
521 1638 660 1700 magnam
685 1616 778 1680 sensit
806 1613 1035 1680 calamitatem:
1068 1612 1150 1676 Nam
1178 1612 1436 1696 Carolomagnum,

337 1721 487 1786 volentem
526 1726 701 1806 apostatare,
729 1721 792 1804 jam
824 1718 993 1796 diaconum,
1024 1724 1056 1781 et
1098 1722 1266 1782 vastantem
1300 1739 1436 1802 reguum,

337 1825 434 1889 oculis
470 1825 606 1910 privavit.
684 1824 771 1890 Alter
816 1823 941 1889 Carolus
985 1821 1023 1888 ab
1060 1821 1195 1889 Albuino
1230 1830 1278 1888 est
1325 1824 1438 1889 amisus

339 1927 518 2012 ignorante.¹
1188 1949 1190 1951 ·

414 2028 516 2094 Itomae
541 2031 618 2095 sedit
643 2027 801 2095 Joliannes
827 2030 929 2100 evus.
954 2029 994 2095 In
1019 2029 1114 2094 Dacia
1137 2028 1270 2094 Haraldo
1295 2030 1437 2094 succesit

340 2132 458 2197 Ericus.
511 2132 581 2203 Quo
612 2139 745 2218 tempore
770 2132 862 2197 irater
887 2132 1016 2197 Haroldi
1047 2154 1100 2217 per
1123 2131 1254 2216 Ligerim
1281 2133 1436 2196 succendit

340 2237 516 2316 Turonium,
543 2243 573 2304 et
587 2238 667 2322 cepit
691 2238 740 2301 An
747 2237 901 2322 degeniam
926 2243 958 2299 et
971 2235 1126 2315 Nantiam,
1150 2244 1181 2300 et
1195 2258 1248 2320 per
1261 2236 1441 2320 Sequanam

341 2340 458 2406 obsedit
477 2340 607 2406 Parisios
614 2365 624 2418 3
644 2339 697 2404 sed
711 2362 773 2404 uon
799 2339 889 2424 cepit.
934 2337 1025 2403 Tunc
1051 2339 1142 2403 etiam
1166 2338 1246 2402 Dani
1274 2340 1435 2404 saxoniam

340 2450 541 2522 vastaverunt,
572 2449 603 2507 et
631 2443 806 2507 Brunonem
835 2442 942 2505 ducem
974 2440 1149 2506 occidemnt
1176 2463 1247 2505 cum
1272 2441 1343 2506 aliis
1371 2441 1438 2505 XII

338 2546 508 2623 comitibus,
534 2528 570 2610 et⁸
579 2544 654 2608 duos
669 2545 842 2629 episcopos3
858 2544 985 2608 Frisium
1012 2549 1043 2608 et
1056 2545 1226 2630 'l'rajectnm
1239 2550 1271 2607 et
1284 2543 1440 2608 Coloniam

338 2655 370 2713 et
383 2648 535 2712 Treverim
549 2655 580 2710 et
602 2647 841 2730 Aquis-granum
849 2647 1022 2732 depopulati
1032 2655 1115 2725 sunt,
1130 2655 1166 2711 ut
1179 2647 1270 2711 etiam
1294 2646 1439 2731 palatium

340 2751 472 2814 iacerent
486 2771 629 2833 equorum
644 2749 805 2814 stabulum.
833 2751 953 2814 Horum
967 2749 1057 2814 duces
1071 2749 1195 2813 inerunt
1208 2749 1290 2828 Eric,
1305 2749 1437 2820 Erdvicr

345 2850 501 2930 Godeirid,
535 2845 654 2930 Rodolf,
681 2859 712 2915 et
742 2852 883 2936 Hinguar
906 2851 1167 2933 crudelissimus,‡
1191 2852 1245 2935 qui
1267 2851 1439 2936 Alpdarnl

340 2952 423 3017 misit
442 2954 476 3018 in
498 2951 648 3035 Angliam.
675 2952 747 3028 Quo
780 2955 887 3033 occiso,
922 2955 1070 3018 erreeeesit‘
1086 2953 1269 3032 Goniredus,
1304 2953 1442 3040 subjecta

342 3050 439 3115 Danis
472 3051 593 3136 Anglia.
659 3051 745 3116 Circa
774 3073 809 3114 ea
830 3058 966 3136 tempora
986 3060 1197 3136 pugnaverunt
1218 3051 1311 3114 Oricb
1334 3073 1390 3116 rex
1412 3057 1443 3116 et

343 3152 431 3232 Urm,
454 3154 591 3238 princeps
606 3153 860 3232 Normannorum,
881 3154 925 3218 ita
957 3153 1086 3238 graviter
1107 3160 1143 3218 ut
1163 3153 1201 3217 de
1221 3153 1306 3237 regio
1327 3175 1440 3238 genere

344 3255 425 3320 solus
456 3278 531 3340 puer
553 3255 644 3318 Oricb
677 3277 729 3319 rex
749 3255 932 3334 remanserit,
955 3255 1094 3319 omnibus
1114 3255 1180 3319 aliis
1202 3254 1320 3318 occisis.
1379 3255 1445 3325 Qui

346 3357 436 3421 etiam
457 3357 598 3420 successit
616 3356 650 3419 in
669 3379 772 3440 regno,
788 3357 833 3420 vir
851 3357 955 3441 justus
975 3363 1005 3422 et
1026 3363 1158 3435 sanctus,
1172 3362 1204 3420 et
1222 3379 1387 3421 conversus
1407 3357 1444 3421 ad

344 3458 459 3534 Fidem,
471 3458 542 3522 iecit
557 3459 642 3521 etiam
654 3458 816 3522 ecclesiam.
854 3459 1075 3524 Infestaverunt
1089 3459 1179 3524 etiam
1192 3481 1295 3542 regem
1310 3459 1447 3524 Ludovi·

344 3582 412 3624 cum
429 3567 459 3622 et
480 3560 679 3647 Germaniam,
694 3552 808 3626 tributa
822 3562 986 3647 exigentes.
1040 3562 1182 3626 Locustae
1196 3583 1314 3646 magnae
1328 3563 1447 3647 magni-

381 3833 395 3891 1
411 3828 546 3880 Hruouarr
557 3831 794 3899 sincerissimus]
809 3830 871 3882 Hoc
880 3838 969 3883 autem
979 3847 1051 3882 anno
1060 3830 1136 3896 (867)
1148 3829 1222 3882 venit
1230 3830 1367 3883 maximus
1374 3848 1451 3884 exer·

344 3915 412 3968 citus
426 3911 740 3982 Paganoruminterram
753 3914 912 3982 Anglorum,
925 3931 1038 3982 quorum
1052 3914 1135 3967 duces
1146 3916 1255 3967 fuerunt
1272 3915 1404 3986 Hinguar
1422 3924 1448 3968 et

345 4002 485 4066 Ubba‚viri
497 4002 681 4066 strenuissimi,
694 4002 740 4055 sed
759 4002 942 4056 crudelissimi.
980 4003 1106 4072 Hinguar
1122 4011 1179 4056 erat
1190 4003 1309 4072 ingentis
1325 4004 1447 4073 ingenii;

344 4088 425 4140 Ulrba
440 4105 504 4140 vero
516 4087 678 4142 fortitudinis
690 4087 865 4142 admirandae.
881 4089 981 4141 Haunr
995 4088 1140 4141 Huurruo.
1152 4087 1199 4139 lib.
1214 4087 1240 4139 V
1253 4088 1305 4140 sub
1316 4089 1408 4141 initio.

381 4173 550 4243 {Aurora}
578 4173 704 4225 Hallden.
