<?xml version="1.0" encoding="UTF-8"?>
<!DOCTYPE html PUBLIC "-//W3C//DTD XHTML 1.0 Transitional//EN"
    "http://www.w3.org/TR/xhtml1/DTD/xhtml1-transitional.dtd">
<html xmlns="http://www.w3.org/1999/xhtml" xml:lang="en" lang="en">
 <head>
  <title>
</title>
<meta http-equiv="Content-Type" content="text/html;charset=utf-8" />
  <meta name='ocr-system' content='tesseract 3.04.00' />
  <meta name='ocr-capabilities' content='ocr_page ocr_carea ocr_par ocr_line ocrx_word'/>
</head>
<body>
  <div class='ocr_page' id='page_1' title='image "./radulfinigrichr00cogggoog_0127.png"; bbox 0 0 3042 5134; ppageno 0'>
   <div class='ocr_carea' id='block_1_1' title="bbox 325 484 1045 552">
    <p class='ocr_par' dir='ltr' id='par_1_1' title="bbox 325 484 1045 552">
     <span class='ocr_line' id='line_1_1' title="bbox 325 484 1045 552; baseline -0.007 0"><span class='ocrx_word' id='word_1_1' title='bbox 325 490 388 552; x_wconf 76' lang='lat'><strong>112</strong></span> <span class='ocrx_word' id='word_1_2' title='bbox 779 484 1045 549; x_wconf 78' lang='lat' dir='ltr'><strong>RanuarrNroar</strong></span> 
     </span>
    </p>
   </div>
   <div class='ocr_carea' id='block_1_2' title="bbox 321 652 1435 845">
    <p class='ocr_par' dir='ltr' id='par_1_2' title="bbox 321 652 1435 845">
     <span class='ocr_line' id='line_1_2' title="bbox 323 652 1435 751; baseline -0.007 -26"><span class='ocrx_word' id='word_1_3' title='bbox 323 656 383 725; x_wconf 85' lang='lat' dir='ltr'><strong>XX</strong></span> <span class='ocrx_word' id='word_1_4' title='bbox 388 654 444 720; x_wconf 82' lang='lat' dir='ltr'><strong>Vc.</strong></span> <span class='ocrx_word' id='word_1_5' title='bbox 489 652 599 721; x_wconf 86' lang='lat' dir='ltr'><strong>Petrus</strong></span> <span class='ocrx_word' id='word_1_6' title='bbox 611 656 737 720; x_wconf 86' lang='lat' dir='ltr'><strong>Romam</strong></span> <span class='ocrx_word' id='word_1_7' title='bbox 751 654 834 719; x_wconf 88' lang='lat' dir='ltr'><strong>venit</strong></span> <span class='ocrx_word' id='word_1_8' title='bbox 849 674 927 718; x_wconf 88' lang='lat' dir='ltr'><strong>anno</strong></span> <span class='ocrx_word' id='word_1_9' title='bbox 943 654 1031 718; x_wconf 89' lang='lat' dir='ltr'><strong>tertio</strong></span> <span class='ocrx_word' id='word_1_10' title='bbox 1046 652 1175 751; x_wconf 76' lang='lat' dir='ltr'><strong>claudi,</strong></span> <span class='ocrx_word' id='word_1_11' title='bbox 1192 660 1223 717; x_wconf 91' lang='lat' dir='ltr'><strong>et</strong></span> <span class='ocrx_word' id='word_1_12' title='bbox 1238 653 1317 717; x_wconf 85' lang='lat' dir='ltr'><strong>sedit¹</strong></span> <span class='ocrx_word' id='word_1_13' title='bbox 1339 652 1435 717; x_wconf 80' lang='lat' dir='ltr'><strong>annis</strong></span> 
     </span>
     <span class='ocr_line' id='line_1_3' title="bbox 321 750 1434 845; baseline -0.009 -19"><span class='ocrx_word' id='word_1_14' title='bbox 321 760 424 838; x_wconf 87' lang='lat' dir='ltr'>XXV,</span> <span class='ocrx_word' id='word_1_15' title='bbox 444 758 604 822; x_wconf 54' lang='lat' dir='ltr'><strong>mensibus*</strong></span> <span class='ocrx_word' id='word_1_16' title='bbox 620 764 742 845; x_wconf 84' lang='lat' dir='ltr'><strong>septem,</strong></span> <span class='ocrx_word' id='word_1_17' title='bbox 767 756 873 821; x_wconf 80' lang='lat' dir='ltr'><strong>diebus</strong></span> <span class='ocrx_word' id='word_1_18' title='bbox 899 755 1005 819; x_wconf 65' lang='lat' dir='ltr'><strong>tanus}</strong></span> <span class='ocrx_word' id='word_1_19' title='bbox 1053 754 1130 820; x_wconf 83' lang='lat' dir='ltr'><strong>Pcs&#39;t&#39;</strong></span> <span class='ocrx_word' id='word_1_20' title='bbox 1151 750 1273 819; x_wconf 76' lang='lat' dir='ltr'><strong>Petrum</strong></span> <span class='ocrx_word' id='word_1_21' title='bbox 1300 754 1434 818; x_wconf 84' lang='lat' dir='ltr'><strong>Evodns</strong></span> 
     </span>
    </p>
   </div>
   <div class='ocr_carea' id='block_1_3' title="bbox 322 851 1435 1355">
    <p class='ocr_par' dir='ltr' id='par_1_3' title="bbox 322 851 1435 1355">
     <span class='ocr_line' id='line_1_4' title="bbox 322 851 1434 941; baseline -0.01 -13"><span class='ocrx_word' id='word_1_22' title='bbox 322 864 401 929; x_wconf 86' lang='lat' dir='ltr'><strong>sedit</strong></span> <span class='ocrx_word' id='word_1_23' title='bbox 424 862 602 927; x_wconf 70' lang='lat' dir='ltr'><strong>Antiochiae.</strong></span> <span class='ocrx_word' id='word_1_24' title='bbox 658 851 780 925; x_wconf 80' lang='lat' dir='ltr'><strong>llarcu&#39;s</strong></span> <span class='ocrx_word' id='word_1_25' title='bbox 804 858 906 923; x_wconf 80' lang='lat' dir='ltr'><strong>scribit</strong></span> <span class='ocrx_word' id='word_1_26' title='bbox 926 853 1112 941; x_wconf 74' lang='lat' dir='ltr'><strong>evangelium</strong></span> <span class='ocrx_word' id='word_1_27' title='bbox 1137 858 1168 921; x_wconf 90' lang='lat' dir='ltr'><strong>in</strong></span> <span class='ocrx_word' id='word_1_28' title='bbox 1193 856 1294 923; x_wconf 78' lang='lat' dir='ltr'><strong>Italia:</strong></span> <span class='ocrx_word' id='word_1_29' title='bbox 1339 858 1434 925; x_wconf 79' lang='lat' dir='ltr'><strong>Felix</strong></span> 
     </span>
     <span class='ocr_line' id='line_1_5' title="bbox 322 950 1434 1050; baseline -0.004 -19"><span class='ocrx_word' id='word_1_30' title='bbox 322 967 361 1031; x_wconf 87' lang='lat' dir='ltr'><strong>fit</strong></span> <span class='ocrx_word' id='word_1_31' title='bbox 384 971 563 1050; x_wconf 76' lang='lat' dir='ltr'><strong>procurator</strong></span> <span class='ocrx_word' id='word_1_32' title='bbox 578 963 703 1043; x_wconf 79' lang='lat' dir='ltr'><strong>Judoeae,</strong></span> <span class='ocrx_word' id='word_1_33' title='bbox 726 962 811 1048; x_wconf 86' lang='lat' dir='ltr'><strong>apud</strong></span> <span class='ocrx_word' id='word_1_34' title='bbox 830 984 919 1046; x_wconf 89' lang='lat' dir='ltr'><strong>quem</strong></span> <span class='ocrx_word' id='word_1_35' title='bbox 942 962 1111 1027; x_wconf 79' lang='lat' dir='ltr'><strong>Paulus&#39;se</strong></span> <span class='ocrx_word' id='word_1_36' title='bbox 1133 950 1283 1047; x_wconf 77' lang='lat' dir='ltr'><strong>defendit.¹</strong></span> <span class='ocrx_word' id='word_1_37' title='bbox 1323 966 1434 1030; x_wconf 84' lang='lat' dir='ltr'><strong>Olaret</strong></span> 
     </span>
     <span class='ocr_line' id='line_1_6' title="bbox 324 1050 1435 1151; baseline -0.003 -17"><span class='ocrx_word' id='word_1_38' title='bbox 324 1068 478 1134; x_wconf 76' lang='lat' dir='ltr'><strong>Palemon</strong></span> <span class='ocrx_word' id='word_1_39' title='bbox 492 1067 544 1151; x_wconf 89' lang='lat' dir='ltr'><strong>qni</strong></span> <span class='ocrx_word' id='word_1_40' title='bbox 559 1066 636 1130; x_wconf 83' lang='lat' dir='ltr'><strong>dixit</strong></span> <span class='ocrx_word' id='word_1_41' title='bbox 650 1067 767 1151; x_wconf 81' lang='lat' dir='ltr'><strong>guttam</strong></span> <span class='ocrx_word' id='word_1_42' title='bbox 784 1074 871 1142; x_wconf 82' lang='lat' dir='ltr'><strong>stare,</strong></span> <span class='ocrx_word' id='word_1_43' title='bbox 887 1064 1005 1128; x_wconf 75' lang='lat' dir='ltr'><strong>stellarii</strong></span> <span class='ocrx_word' id='word_1_44' title='bbox 1020 1063 1134 1128; x_wconf 87' lang='lat' dir='ltr'><strong>cadere.</strong></span> <span class='ocrx_word' id='word_1_45' title='bbox 1179 1050 1325 1130; x_wconf 82' lang='lat' dir='ltr'><strong>Claudius</strong></span> <span class='ocrx_word' id='word_1_46' title='bbox 1347 1066 1435 1131; x_wconf 83' lang='lat' dir='ltr'><strong>anno</strong></span> 
     </span>
     <span class='ocr_line' id='line_1_7' title="bbox 324 1160 1431 1253; baseline 0.001 -20"><span class='ocrx_word' id='word_1_47' title='bbox 324 1174 366 1234; x_wconf 79' lang='lat'><strong>64</strong></span> <span class='ocrx_word' id='word_1_48' title='bbox 396 1170 465 1233; x_wconf 81' lang='lat' dir='ltr'><strong>vitra</strong></span> <span class='ocrx_word' id='word_1_49' title='bbox 488 1191 550 1232; x_wconf 82' lang='lat' dir='ltr'><strong>suae</strong></span> <span class='ocrx_word' id='word_1_50' title='bbox 579 1190 694 1233; x_wconf 86' lang='lat' dir='ltr'><strong>veneno</strong></span> <span class='ocrx_word' id='word_1_51' title='bbox 715 1168 801 1231; x_wconf 90' lang='lat' dir='ltr'><strong>obiit.</strong></span> <span class='ocrx_word' id='word_1_52' title='bbox 827 1166 890 1231; x_wconf 81' lang='lat' dir='ltr'><strong>Sub</strong></span> <span class='ocrx_word' id='word_1_53' title='bbox 910 1165 1037 1230; x_wconf 87' lang='lat' dir='ltr'><strong>Claudio</strong></span> <span class='ocrx_word' id='word_1_54' title='bbox 1059 1165 1143 1229; x_wconf 82' lang='lat' dir='ltr'><strong>luere</strong></span> <span class='ocrx_word' id='word_1_55' title='bbox 1159 1166 1208 1230; x_wconf 87' lang='lat' dir='ltr'><strong>IV</strong></span> <span class='ocrx_word' id='word_1_56' title='bbox 1229 1160 1431 1253; x_wconf 80' lang='lat' dir='ltr'><strong>olympiades.</strong></span> 
     </span>
     <span class='ocr_line' id='line_1_8' title="bbox 324 1268 769 1355; baseline -0.011 -18"><span class='ocrx_word' id='word_1_57' title='bbox 324 1274 444 1337; x_wconf 84' lang='lat' dir='ltr'><strong>Drusus</strong></span> <span class='ocrx_word' id='word_1_58' title='bbox 457 1270 584 1355; x_wconf 72' lang='lat' dir='ltr'><strong>quiescit</strong></span> <span class='ocrx_word' id='word_1_59' title='bbox 599 1268 769 1353; x_wconf 83' lang='lat' dir='ltr'><strong>Magantia.</strong></span> 
     </span>
    </p>
   </div>
   <div class='ocr_carea' id='block_1_4' title="bbox 389 1403 1433 1605">
    <p class='ocr_par' dir='ltr' id='par_1_4' title="bbox 389 1403 1433 1605">
     <span class='ocr_line' id='line_1_9' title="bbox 389 1403 1433 1482; baseline -0.001 -14"><span class='ocrx_word' id='word_1_60' title='bbox 389 1403 600 1471; x_wconf 82' lang='lat' dir='ltr'><strong>VMCCLIH.</strong></span> <span class='ocrx_word' id='word_1_61' title='bbox 644 1405 811 1471; x_wconf 61' lang='lat' dir='ltr'><strong>munros</strong></span> <span class='ocrx_word' id='word_1_62' title='bbox 825 1424 1002 1469; x_wconf 80' lang='lat' dir='ltr'><strong>runnnnvrr</strong></span> <span class='ocrx_word' id='word_1_63' title='bbox 1015 1423 1116 1472; x_wconf 74' lang='lat' dir='ltr'><strong>naurs</strong></span> <span class='ocrx_word' id='word_1_64' title='bbox 1132 1423 1218 1482; x_wconf 81' lang='lat' dir='ltr'><strong>run,</strong></span> <span class='ocrx_word' id='word_1_65' title='bbox 1242 1424 1433 1469; x_wconf 76' lang='lat' dir='ltr'><strong>narnunnus</strong></span> 
     </span>
     <span class='ocr_line' id='line_1_10' title="bbox 829 1541 914 1605; baseline 0 0"><span class='ocrx_word' id='word_1_66' title='bbox 829 1541 914 1605; x_wconf 86' lang='lat' dir='ltr'><strong>Gan.</strong></span> 
     </span>
    </p>
   </div>
   <div class='ocr_carea' id='block_1_5' title="bbox 324 1674 1431 4221">
    <p class='ocr_par' dir='ltr' id='par_1_5' title="bbox 324 1674 1431 4221">
     <span class='ocr_line' id='line_1_11' title="bbox 367 1674 1431 1762; baseline -0.003 -20"><span class='ocrx_word' id='word_1_67' title='bbox 367 1677 451 1742; x_wconf 90' lang='lat' dir='ltr'><strong>Nero</strong></span> <span class='ocrx_word' id='word_1_68' title='bbox 466 1678 680 1762; x_wconf 88' lang='lat' dir='ltr'><strong>quinquennio,</strong></span> <span class='ocrx_word' id='word_1_69' title='bbox 695 1676 800 1742; x_wconf 87' lang='lat' dir='ltr'><strong>scilicit</strong></span> <span class='ocrx_word' id='word_1_70' title='bbox 815 1682 884 1741; x_wconf 83' lang='lat' dir='ltr'><strong>ante</strong></span> <span class='ocrx_word' id='word_1_71' title='bbox 897 1677 1013 1761; x_wconf 91' lang='lat' dir='ltr'><strong>imperii</strong></span> <span class='ocrx_word' id='word_1_72' title='bbox 1025 1674 1292 1755; x_wconf 76' lang='lat' dir='ltr'><strong>confirmationem,</strong></span> <span class='ocrx_word' id='word_1_73' title='bbox 1309 1676 1431 1740; x_wconf 88' lang='lat' dir='ltr'><strong>modes·</strong></span> 
     </span>
     <span class='ocr_line' id='line_1_12' title="bbox 324 1780 1430 1867; baseline -0.004 -20"><span class='ocrx_word' id='word_1_74' title='bbox 324 1790 376 1847; x_wconf 85' lang='lat' dir='ltr'><strong>tus</strong></span> <span class='ocrx_word' id='word_1_75' title='bbox 412 1783 480 1848; x_wconf 84' lang='lat' dir='ltr'><strong>luit.</strong></span> <span class='ocrx_word' id='word_1_76' title='bbox 517 1782 625 1847; x_wconf 77' lang='lat' dir='ltr'><strong>Festus</strong></span> <span class='ocrx_word' id='word_1_77' title='bbox 654 1782 692 1846; x_wconf 82' lang='lat' dir='ltr'><strong>fit</strong></span> <span class='ocrx_word' id='word_1_78' title='bbox 724 1789 898 1867; x_wconf 87' lang='lat' dir='ltr'><strong>procurator</strong></span> <span class='ocrx_word' id='word_1_79' title='bbox 929 1781 1054 1859; x_wconf 83' lang='lat' dir='ltr'><strong>Judaeae,</strong></span> <span class='ocrx_word' id='word_1_80' title='bbox 1088 1780 1140 1863; x_wconf 91' lang='lat' dir='ltr'><strong>qui</strong></span> <span class='ocrx_word' id='word_1_81' title='bbox 1180 1780 1262 1844; x_wconf 80' lang='lat' dir='ltr'><strong>misit</strong></span> <span class='ocrx_word' id='word_1_82' title='bbox 1295 1780 1430 1845; x_wconf 83' lang='lat' dir='ltr'><strong>Paulum</strong></span> 
     </span>
     <span class='ocr_line' id='line_1_13' title="bbox 324 1882 1431 1970; baseline -0.002 -23"><span class='ocrx_word' id='word_1_83' title='bbox 324 1886 451 1948; x_wconf 85' lang='lat' dir='ltr'><strong>Romam</strong></span> <span class='ocrx_word' id='word_1_84' title='bbox 479 1885 684 1957; x_wconf 68' lang='lat' dir='ltr'><strong>vinculatum</strong></span> <span class='ocrx_word' id='word_1_85' title='bbox 721 1886 845 1949; x_wconf 91' lang='lat' dir='ltr'><strong>consilio</strong></span> <span class='ocrx_word' id='word_1_86' title='bbox 868 1885 1021 1969; x_wconf 83' lang='lat' dir='ltr'><strong>Agrippae,</strong></span> <span class='ocrx_word' id='word_1_87' title='bbox 1047 1884 1139 1970; x_wconf 86' lang='lat' dir='ltr'><strong>quum&#39;</strong></span> <span class='ocrx_word' id='word_1_88' title='bbox 1177 1882 1357 1969; x_wconf 76' lang='lat' dir='ltr'><strong>appellasset</strong></span> <span class='ocrx_word' id='word_1_89' title='bbox 1391 1882 1431 1946; x_wconf 89' lang='lat' dir='ltr'><strong>ad</strong></span> 
     </span>
     <span class='ocr_line' id='line_1_14' title="bbox 324 1982 1431 2053; baseline -0.003 -1"><span class='ocrx_word' id='word_1_90' title='bbox 324 1988 479 2053; x_wconf 56' lang='lat' dir='ltr'><strong>(marem.</strong></span> <span class='ocrx_word' id='word_1_91' title='bbox 525 1990 632 2053; x_wconf 79' lang='lat' dir='ltr'><strong>Statim</strong></span> <span class='ocrx_word' id='word_1_92' title='bbox 656 1990 688 2052; x_wconf 93' lang='lat' dir='ltr'><strong>in</strong></span> <span class='ocrx_word' id='word_1_93' title='bbox 719 1988 817 2053; x_wconf 85' lang='lat' dir='ltr'><strong>Gallia</strong></span> <span class='ocrx_word' id='word_1_94' title='bbox 840 1988 926 2052; x_wconf 92' lang='lat' dir='ltr'><strong>docet</strong></span> <span class='ocrx_word' id='word_1_95' title='bbox 954 1990 1140 2053; x_wconf 83' lang='lat' dir='ltr'><strong>rhetoricam.</strong></span> <span class='ocrx_word' id='word_1_96' title='bbox 1198 1987 1320 2052; x_wconf 78' lang='lat' dir='ltr'><strong>Persius</strong></span> <span class='ocrx_word' id='word_1_97' title='bbox 1349 1982 1431 2050; x_wconf 87' lang='lat' dir='ltr'><strong>obiit</strong></span> 
     </span>
     <span class='ocr_line' id='line_1_15' title="bbox 325 2088 1428 2174; baseline -0.001 -21"><span class='ocrx_word' id='word_1_98' title='bbox 325 2110 404 2153; x_wconf 88' lang='lat' dir='ltr'><strong>anno</strong></span> <span class='ocrx_word' id='word_1_99' title='bbox 426 2091 496 2155; x_wconf 77' lang='lat' dir='ltr'><strong>vitae</strong></span> <span class='ocrx_word' id='word_1_100' title='bbox 516 2111 579 2155; x_wconf 86' lang='lat' dir='ltr'><strong>suae</strong></span> <span class='ocrx_word' id='word_1_101' title='bbox 601 2090 739 2155; x_wconf 86' lang='lat' dir='ltr'><strong>XXlXo.</strong></span> <span class='ocrx_word' id='word_1_102' title='bbox 782 2090 923 2155; x_wconf 86' lang='lat' dir='ltr'><strong>Lucanus</strong></span> <span class='ocrx_word' id='word_1_103' title='bbox 945 2094 1012 2154; x_wconf 90' lang='lat' dir='ltr'><strong>cum</strong></span> <span class='ocrx_word' id='word_1_104' title='bbox 1048 2091 1158 2155; x_wconf 74' lang='lat' dir='ltr'><strong>seneca</strong></span> <span class='ocrx_word' id='word_1_105' title='bbox 1187 2092 1298 2174; x_wconf 85' lang='lat' dir='ltr'><strong>nepote</strong></span> <span class='ocrx_word' id='word_1_106' title='bbox 1320 2088 1428 2152; x_wconf 88' lang='lat' dir='ltr'><strong>incisis</strong></span> 
     </span>
     <span class='ocr_line' id='line_1_16' title="bbox 325 2191 1431 2277; baseline -0.003 -21"><span class='ocrx_word' id='word_1_107' title='bbox 325 2191 438 2257; x_wconf 90' lang='lat' dir='ltr'><strong>brachii</strong></span> <span class='ocrx_word' id='word_1_108' title='bbox 457 2193 539 2256; x_wconf 87' lang='lat' dir='ltr'><strong>venis</strong></span> <span class='ocrx_word' id='word_1_109' title='bbox 554 2192 631 2256; x_wconf 88' lang='lat' dir='ltr'><strong>obiit</strong></span> <span class='ocrx_word' id='word_1_110' title='bbox 654 2193 854 2276; x_wconf 85' lang='lat' dir='ltr'><strong>deprehensns</strong></span> <span class='ocrx_word' id='word_1_111' title='bbox 875 2192 906 2256; x_wconf 88' lang='lat' dir='ltr'><strong>in</strong></span> <span class='ocrx_word' id='word_1_112' title='bbox 930 2192 1084 2256; x_wconf 84' lang='lat' dir='ltr'><strong>Pisoniana</strong></span> <span class='ocrx_word' id='word_1_113' title='bbox 1105 2192 1319 2277; x_wconf 71' lang='lat' dir='ltr'><strong>conjuratione,</strong></span> <span class='ocrx_word' id='word_1_114' title='bbox 1338 2192 1431 2275; x_wconf 78' lang='lat' dir='ltr'><strong>cu&#39;jus</strong></span> 
     </span>
     <span class='ocr_line' id='line_1_17' title="bbox 324 2292 1430 2380; baseline -0.003 -22"><span class='ocrx_word' id='word_1_115' title='bbox 324 2302 410 2378; x_wconf 81' lang='lat' dir='ltr'><strong>pater</strong></span> <span class='ocrx_word' id='word_1_116' title='bbox 437 2295 551 2359; x_wconf 86' lang='lat' dir='ltr'><strong>Lucius</strong></span> <span class='ocrx_word' id='word_1_117' title='bbox 578 2296 712 2358; x_wconf 64' lang='lat' dir='ltr'><strong>minans</strong></span> <span class='ocrx_word' id='word_1_118' title='bbox 741 2294 822 2357; x_wconf 89' lang='lat' dir='ltr'><strong>bona</strong></span> <span class='ocrx_word' id='word_1_119' title='bbox 842 2294 906 2377; x_wconf 89' lang='lat' dir='ltr'><strong>ejus</strong></span> <span class='ocrx_word' id='word_1_120' title='bbox 930 2316 948 2358; x_wconf 90' lang='lat' dir='ltr'><strong>a</strong></span> <span class='ocrx_word' id='word_1_121' title='bbox 968 2294 1090 2358; x_wconf 86' lang='lat' dir='ltr'><strong>Nerone</strong></span> <span class='ocrx_word' id='word_1_122' title='bbox 1120 2295 1262 2380; x_wconf 84' lang='lat' dir='ltr'><strong>privatur.</strong></span> <span class='ocrx_word' id='word_1_123' title='bbox 1307 2292 1430 2355; x_wconf 88' lang='lat' dir='ltr'><strong>Jeroso-</strong></span> 
     </span>
     <span class='ocr_line' id='line_1_18' title="bbox 326 2396 1431 2481; baseline 0 -22"><span class='ocrx_word' id='word_1_124' title='bbox 326 2396 414 2481; x_wconf 82' lang='lat' dir='ltr'><strong>lymis</strong></span> <span class='ocrx_word' id='word_1_125' title='bbox 437 2397 531 2461; x_wconf 84' lang='lat' dir='ltr'><strong>vitula</strong></span> <span class='ocrx_word' id='word_1_126' title='bbox 553 2418 662 2480; x_wconf 79' lang='lat' dir='ltr'><strong>agnam</strong></span> <span class='ocrx_word' id='word_1_127' title='bbox 691 2396 722 2459; x_wconf 91' lang='lat' dir='ltr'><strong>in</strong></span> <span class='ocrx_word' id='word_1_128' title='bbox 744 2396 891 2460; x_wconf 82' lang='lat' dir='ltr'><strong>sacrificio</strong></span> <span class='ocrx_word' id='word_1_129' title='bbox 913 2404 959 2459; x_wconf 88' lang='lat' dir='ltr'><strong>est</strong></span> <span class='ocrx_word' id='word_1_130' title='bbox 981 2397 1084 2475; x_wconf 74' lang='lat' dir='ltr'><strong>enixa,</strong></span> <span class='ocrx_word' id='word_1_131' title='bbox 1113 2404 1143 2460; x_wconf 89' lang='lat' dir='ltr'><strong>et</strong></span> <span class='ocrx_word' id='word_1_132' title='bbox 1163 2396 1249 2461; x_wconf 87' lang='lat' dir='ltr'><strong>stella</strong></span> <span class='ocrx_word' id='word_1_133' title='bbox 1271 2396 1309 2461; x_wconf 89' lang='lat' dir='ltr'><strong>ad</strong></span> <span class='ocrx_word' id='word_1_134' title='bbox 1331 2396 1431 2459; x_wconf 88' lang='lat' dir='ltr'><strong>instar</strong></span> 
     </span>
     <span class='ocr_line' id='line_1_19' title="bbox 326 2497 1431 2584; baseline 0.002 -23"><span class='ocrx_word' id='word_1_135' title='bbox 326 2497 420 2581; x_wconf 78' lang='lat' dir='ltr'><strong>gladii</strong></span> <span class='ocrx_word' id='word_1_136' title='bbox 436 2499 523 2581; x_wconf 84' lang='lat' dir='ltr'><strong>ignea</strong></span> <span class='ocrx_word' id='word_1_137' title='bbox 538 2498 625 2561; x_wconf 90' lang='lat' dir='ltr'><strong>annis</strong></span> <span class='ocrx_word' id='word_1_138' title='bbox 640 2498 698 2561; x_wconf 83' lang='lat' dir='ltr'><strong>XL</strong></span> <span class='ocrx_word' id='word_1_139' title='bbox 713 2520 802 2582; x_wconf 88' lang='lat' dir='ltr'><strong>supra</strong></span> <span class='ocrx_word' id='word_1_140' title='bbox 818 2499 968 2563; x_wconf 83' lang='lat' dir='ltr'><strong>civitatem</strong></span> <span class='ocrx_word' id='word_1_141' title='bbox 983 2500 1135 2584; x_wconf 87' lang='lat' dir='ltr'><strong>pependit.</strong></span> <span class='ocrx_word' id='word_1_142' title='bbox 1179 2499 1289 2584; x_wconf 77' lang='lat' dir='ltr'><strong>Angeli</strong></span> <span class='ocrx_word' id='word_1_143' title='bbox 1308 2522 1431 2583; x_wconf 92' lang='lat' dir='ltr'><strong>quoque</strong></span> 
     </span>
     <span class='ocr_line' id='line_1_20' title="bbox 326 2599 1429 2683; baseline 0.001 -21"><span class='ocrx_word' id='word_1_144' title='bbox 326 2600 421 2663; x_wconf 89' lang='lat' dir='ltr'><strong>auditi</strong></span> <span class='ocrx_word' id='word_1_145' title='bbox 437 2607 509 2662; x_wconf 84' lang='lat' dir='ltr'><strong>aunt</strong></span> <span class='ocrx_word' id='word_1_146' title='bbox 524 2599 654 2663; x_wconf 89' lang='lat' dir='ltr'><strong>dicentes</strong></span> <span class='ocrx_word' id='word_1_147' title='bbox 669 2606 691 2635; x_wconf 90' lang='lat'><strong><em>“</em></strong></span> <span class='ocrx_word' id='word_1_148' title='bbox 706 2600 831 2683; x_wconf 84' lang='lat' dir='ltr'><strong>Migrate</strong></span> <span class='ocrx_word' id='word_1_149' title='bbox 847 2624 883 2663; x_wconf 84' lang='lat' dir='ltr'><strong>ex</strong></span> <span class='ocrx_word' id='word_1_150' title='bbox 897 2601 944 2665; x_wconf 86' lang='lat' dir='ltr'><strong>his</strong></span> <span class='ocrx_word' id='word_1_151' title='bbox 959 2601 1087 2664; x_wconf 90' lang='lat' dir='ltr'><strong>sedibus.</strong></span> <span class='ocrx_word' id='word_1_152' title='bbox 1097 2601 1119 2629; x_wconf 88' lang='lat'><strong>&#39;’</strong></span> <span class='ocrx_word' id='word_1_153' title='bbox 1187 2600 1302 2664; x_wconf 86' lang='lat' dir='ltr'><strong>Seneca</strong></span> <span class='ocrx_word' id='word_1_154' title='bbox 1315 2600 1429 2664; x_wconf 91' lang='lat' dir='ltr'><strong>haustu</strong></span> 
     </span>
     <span class='ocr_line' id='line_1_21' title="bbox 326 2700 1429 2787; baseline 0.002 -23"><span class='ocrx_word' id='word_1_155' title='bbox 326 2701 432 2764; x_wconf 88' lang='lat' dir='ltr'><strong>veneni</strong></span> <span class='ocrx_word' id='word_1_156' title='bbox 448 2700 532 2765; x_wconf 90' lang='lat' dir='ltr'><strong>obiit.</strong></span> <span class='ocrx_word' id='word_1_157' title='bbox 598 2702 680 2765; x_wconf 91' lang='lat' dir='ltr'><strong>Petri</strong></span> <span class='ocrx_word' id='word_1_158' title='bbox 695 2708 725 2765; x_wconf 80' lang='lat' dir='ltr'><strong>et</strong></span> <span class='ocrx_word' id='word_1_159' title='bbox 740 2702 827 2765; x_wconf 88' lang='lat' dir='ltr'><strong>Pauli</strong></span> <span class='ocrx_word' id='word_1_160' title='bbox 853 2704 950 2787; x_wconf 83' lang='lat' dir='ltr'><strong>passio</strong></span> <span class='ocrx_word' id='word_1_161' title='bbox 969 2725 1046 2765; x_wconf 86' lang='lat' dir='ltr'><strong>anno</strong></span> <span class='ocrx_word' id='word_1_162' title='bbox 1063 2703 1167 2767; x_wconf 87' lang='lat' dir='ltr'><strong>ultimo</strong></span> <span class='ocrx_word' id='word_1_163' title='bbox 1188 2704 1318 2766; x_wconf 79' lang='lat' dir='ltr'><strong>Neronis</strong></span> <span class='ocrx_word' id='word_1_164' title='bbox 1332 2703 1367 2766; x_wconf 93' lang='lat' dir='ltr'><strong>id</strong></span> <span class='ocrx_word' id='word_1_165' title='bbox 1383 2709 1429 2766; x_wconf 86' lang='lat' dir='ltr'><strong>est</strong></span> 
     </span>
     <span class='ocr_line' id='line_1_22' title="bbox 325 2806 1427 2892; baseline 0.001 -24"><span class='ocrx_word' id='word_1_166' title='bbox 325 2806 513 2871; x_wconf 86' lang='lat' dir='ltr'><strong>LXXIXoa</strong></span> <span class='ocrx_word' id='word_1_167' title='bbox 527 2807 661 2892; x_wconf 88' lang='lat' dir='ltr'><strong>passione</strong></span> <span class='ocrx_word' id='word_1_168' title='bbox 671 2807 782 2871; x_wconf 84' lang='lat' dir='ltr'><strong>Christi</strong></span> <span class='ocrx_word' id='word_1_169' title='bbox 797 2807 851 2871; x_wconf 83' lang='lat' dir='ltr'><strong>lit:</strong></span> <span class='ocrx_word' id='word_1_170' title='bbox 879 2808 972 2890; x_wconf 86' lang='lat' dir='ltr'><strong>prima</strong></span> <span class='ocrx_word' id='word_1_171' title='bbox 987 2808 1176 2890; x_wconf 87' lang='lat' dir='ltr'><strong>persequutio</strong></span> <span class='ocrx_word' id='word_1_172' title='bbox 1188 2807 1427 2871; x_wconf 85' lang='lat' dir='ltr'><strong>Christianorum</strong></span> 
     </span>
     <span class='ocr_line' id='line_1_23' title="bbox 327 2908 1429 2993; baseline 0.002 -23"><span class='ocrx_word' id='word_1_173' title='bbox 327 2908 502 2973; x_wconf 86' lang='lat' dir='ltr'><strong>universalis</strong></span> <span class='ocrx_word' id='word_1_174' title='bbox 511 2909 566 2973; x_wconf 85' lang='lat' dir='ltr'><strong>sub</strong></span> <span class='ocrx_word' id='word_1_175' title='bbox 576 2909 715 2972; x_wconf 86' lang='lat' dir='ltr'><strong>Nerone:</strong></span> <span class='ocrx_word' id='word_1_176' title='bbox 731 2910 810 2993; x_wconf 90' lang='lat' dir='ltr'><strong>passi</strong></span> <span class='ocrx_word' id='word_1_177' title='bbox 826 2917 897 2973; x_wconf 87' lang='lat' dir='ltr'><strong>sunt</strong></span> <span class='ocrx_word' id='word_1_178' title='bbox 908 2909 1067 2971; x_wconf 84' lang='lat' dir='ltr'><strong>Processus</strong></span> <span class='ocrx_word' id='word_1_179' title='bbox 1083 2916 1112 2971; x_wconf 89' lang='lat' dir='ltr'><strong>et</strong></span> <span class='ocrx_word' id='word_1_180' title='bbox 1128 2909 1289 2985; x_wconf 88' lang='lat' dir='ltr'><strong>Martinus,</strong></span> <span class='ocrx_word' id='word_1_181' title='bbox 1302 2908 1429 2972; x_wconf 82' lang='lat' dir='ltr'><strong>Nazari-</strong></span> 
     </span>
     <span class='ocr_line' id='line_1_24' title="bbox 329 3010 1430 3089; baseline 0.002 -16"><span class='ocrx_word' id='word_1_182' title='bbox 329 3032 399 3089; x_wconf 84' lang='lat' dir='ltr'><strong>nus,</strong></span> <span class='ocrx_word' id='word_1_183' title='bbox 415 3011 529 3089; x_wconf 84' lang='lat' dir='ltr'><strong>Celsus,</strong></span> <span class='ocrx_word' id='word_1_184' title='bbox 544 3010 659 3089; x_wconf 91' lang='lat' dir='ltr'><strong>Nabor,</strong></span> <span class='ocrx_word' id='word_1_185' title='bbox 674 3018 705 3074; x_wconf 92' lang='lat' dir='ltr'><strong>ct</strong></span> <span class='ocrx_word' id='word_1_186' title='bbox 720 3010 843 3075; x_wconf 81' lang='lat' dir='ltr'>XLVII</span> <span class='ocrx_word' id='word_1_187' title='bbox 859 3034 920 3075; x_wconf 89' lang='lat' dir='ltr'><strong>uno</strong></span> <span class='ocrx_word' id='word_1_188' title='bbox 942 3011 989 3075; x_wconf 90' lang='lat' dir='ltr'><strong>die</strong></span> <span class='ocrx_word' id='word_1_189' title='bbox 1010 3012 1121 3075; x_wconf 86' lang='lat' dir='ltr'><strong>Romae.</strong></span> <span class='ocrx_word' id='word_1_190' title='bbox 1166 3012 1250 3075; x_wconf 91' lang='lat' dir='ltr'><strong>Nero</strong></span> <span class='ocrx_word' id='word_1_191' title='bbox 1269 3011 1350 3075; x_wconf 85' lang='lat' dir='ltr'><strong>filius</strong></span> <span class='ocrx_word' id='word_1_192' title='bbox 1372 3012 1430 3075; x_wconf 83' lang='lat' dir='ltr'><strong>init</strong></span> 
     </span>
     <span class='ocr_line' id='line_1_25' title="bbox 329 3112 1429 3197; baseline 0.002 -22"><span class='ocrx_word' id='word_1_193' title='bbox 329 3112 489 3175; x_wconf 87' lang='lat' dir='ltr'><strong>Domitiani</strong></span> <span class='ocrx_word' id='word_1_194' title='bbox 500 3113 707 3195; x_wconf 81' lang='lat' dir='ltr'><strong>ethgrippiuae</strong></span> <span class='ocrx_word' id='word_1_195' title='bbox 716 3113 897 3176; x_wconf 85' lang='lat' dir='ltr'><strong>sororisGaii</strong></span> <span class='ocrx_word' id='word_1_196' title='bbox 906 3113 1124 3176; x_wconf 84' lang='lat' dir='ltr'><strong>liliaeOctaviae.</strong></span> <span class='ocrx_word' id='word_1_197' title='bbox 1146 3114 1429 3197; x_wconf 78' lang='lat' dir='ltr'><strong>Tremuluspatrem</strong></span> 
     </span>
     <span class='ocr_line' id='line_1_26' title="bbox 327 3211 1427 3301; baseline 0.002 -26"><span class='ocrx_word' id='word_1_198' title='bbox 327 3211 455 3297; x_wconf 90' lang='lat' dir='ltr'><strong>perdidit</strong></span> <span class='ocrx_word' id='word_1_199' title='bbox 481 3234 560 3275; x_wconf 91' lang='lat' dir='ltr'><strong>anno</strong></span> <span class='ocrx_word' id='word_1_200' title='bbox 578 3212 645 3276; x_wconf 89' lang='grc' dir='ltr'><strong>ΧΙο</strong></span> <span class='ocrx_word' id='word_1_201' title='bbox 668 3236 685 3275; x_wconf 91' lang='lat' dir='ltr'><strong>a</strong></span> <span class='ocrx_word' id='word_1_202' title='bbox 702 3213 825 3277; x_wconf 68' lang='lat' dir='ltr'><strong>Claudio</strong></span> <span class='ocrx_word' id='word_1_203' title='bbox 841 3213 999 3297; x_wconf 85' lang='lat' dir='ltr'><strong>adoptatus</strong></span> <span class='ocrx_word' id='word_1_204' title='bbox 1014 3214 1129 3279; x_wconf 89' lang='lat' dir='ltr'><strong>XVIIo</strong></span> <span class='ocrx_word' id='word_1_205' title='bbox 1143 3216 1240 3279; x_wconf 83' lang='lat' dir='ltr'><strong>lactus</strong></span> <span class='ocrx_word' id='word_1_206' title='bbox 1254 3217 1427 3301; x_wconf 85' lang='lat' dir='ltr'><strong>imperator.</strong></span> 
     </span>
     <span class='ocr_line' id='line_1_27' title="bbox 329 3314 1427 3401; baseline 0.004 -24"><span class='ocrx_word' id='word_1_207' title='bbox 329 3314 450 3377; x_wconf 87' lang='lat' dir='ltr'><strong>Marcus</strong></span> <span class='ocrx_word' id='word_1_208' title='bbox 460 3314 641 3397; x_wconf 85' lang='lat' dir='ltr'><strong>evangelista</strong></span> <span class='ocrx_word' id='word_1_209' title='bbox 655 3314 739 3378; x_wconf 91' lang='lat' dir='ltr'><strong>obiit.</strong></span> <span class='ocrx_word' id='word_1_210' title='bbox 763 3316 895 3379; x_wconf 77' lang='lat' dir='ltr'><strong>lacobus</strong></span> <span class='ocrx_word' id='word_1_211' title='bbox 910 3316 1027 3401; x_wconf 85' lang='lat' dir='ltr'><strong>Alpheei</strong></span> <span class='ocrx_word' id='word_1_212' title='bbox 1042 3319 1196 3383; x_wconf 86' lang='lat' dir='ltr'><strong>occiditur.</strong></span> <span class='ocrx_word' id='word_1_213' title='bbox 1218 3319 1288 3382; x_wconf 88' lang='lat' dir='ltr'><strong>Pest</strong></span> <span class='ocrx_word' id='word_1_214' title='bbox 1303 3320 1427 3381; x_wconf 80' lang='lat' dir='ltr'><strong>Festum</strong></span> 
     </span>
     <span class='ocr_line' id='line_1_28' title="bbox 327 3415 1429 3506; baseline 0.005 -27"><span class='ocrx_word' id='word_1_215' title='bbox 327 3415 433 3479; x_wconf 82' lang='lat' dir='ltr'><strong>Florus</strong></span> <span class='ocrx_word' id='word_1_216' title='bbox 449 3415 612 3479; x_wconf 85' lang='lat' dir='ltr'><strong>succedens</strong></span> <span class='ocrx_word' id='word_1_217' title='bbox 636 3415 759 3480; x_wconf 83' lang='lat' dir='ltr'><strong>Judaeos</strong></span> <span class='ocrx_word' id='word_1_218' title='bbox 785 3418 921 3502; x_wconf 90' lang='lat' dir='ltr'><strong>patibulo</strong></span> <span class='ocrx_word' id='word_1_219' title='bbox 938 3424 1103 3503; x_wconf 86' lang='lat' dir='ltr'><strong>suspendit,</strong></span> <span class='ocrx_word' id='word_1_220' title='bbox 1120 3422 1200 3485; x_wconf 89' lang='lat' dir='ltr'><strong>unde</strong></span> <span class='ocrx_word' id='word_1_221' title='bbox 1216 3427 1246 3485; x_wconf 85' lang='lat' dir='ltr'><strong>et</strong></span> <span class='ocrx_word' id='word_1_222' title='bbox 1260 3422 1320 3506; x_wconf 87' lang='lat' dir='ltr'><strong>ipsi</strong></span> <span class='ocrx_word' id='word_1_223' title='bbox 1334 3422 1429 3485; x_wconf 89' lang='lat' dir='ltr'><strong>rebel·</strong></span> 
     </span>
     <span class='ocr_line' id='line_1_29' title="bbox 325 3504 1428 3601; baseline 0.008 -23"><span class='ocrx_word' id='word_1_224' title='bbox 325 3515 386 3579; x_wconf 90' lang='lat' dir='ltr'><strong>lare</strong></span> <span class='ocrx_word' id='word_1_225' title='bbox 408 3540 532 3601; x_wconf 87' lang='lat' dir='ltr'><strong>coepere.</strong></span> <span class='ocrx_word' id='word_1_226' title='bbox 577 3518 672 3582; x_wconf 80' lang='lat' dir='ltr'><strong>Fuere</strong></span> <span class='ocrx_word' id='word_1_227' title='bbox 692 3526 723 3582; x_wconf 92' lang='lat' dir='ltr'><strong>et</strong></span> <span class='ocrx_word' id='word_1_228' title='bbox 745 3520 851 3584; x_wconf 79' lang='lat' dir='ltr'><strong>Esseni</strong></span> <span class='ocrx_word' id='word_1_229' title='bbox 870 3522 901 3584; x_wconf 91' lang='lat' dir='ltr'><strong>in</strong></span> <span class='ocrx_word' id='word_1_230' title='bbox 920 3544 1008 3585; x_wconf 84' lang='lat' dir='ltr'><strong>causa</strong></span> <span class='ocrx_word' id='word_1_231' title='bbox 1031 3525 1205 3587; x_wconf 88' lang='lat' dir='ltr'><strong>auctoritate</strong></span> <span class='ocrx_word' id='word_1_232' title='bbox 1227 3525 1304 3588; x_wconf 89' lang='lat' dir='ltr'><strong>vida.</strong></span> <span class='ocrx_word' id='word_1_233' title='bbox 1344 3504 1428 3587; x_wconf 80' lang='lat' dir='ltr'><strong>Nero</strong></span> 
     </span>
     <span class='ocr_line' id='line_1_30' title="bbox 327 3618 1428 3711; baseline 0.008 -30"><span class='ocrx_word' id='word_1_234' title='bbox 327 3618 490 3682; x_wconf 80' lang='lat' dir='ltr'><strong>interiectis</strong></span> <span class='ocrx_word' id='word_1_235' title='bbox 513 3628 615 3697; x_wconf 88' lang='lat' dir='ltr'><strong>matre,</strong></span> <span class='ocrx_word' id='word_1_236' title='bbox 638 3620 738 3699; x_wconf 81' lang='lat' dir='ltr'><strong>fratre,</strong></span> <span class='ocrx_word' id='word_1_237' title='bbox 762 3645 871 3700; x_wconf 90' lang='lat' dir='ltr'><strong>sorore,</strong></span> <span class='ocrx_word' id='word_1_238' title='bbox 895 3646 995 3701; x_wconf 86' lang='lat' dir='ltr'><strong>uxore,</strong></span> <span class='ocrx_word' id='word_1_239' title='bbox 1020 3634 1050 3688; x_wconf 90' lang='lat' dir='ltr'><strong>et</strong></span> <span class='ocrx_word' id='word_1_240' title='bbox 1071 3648 1147 3709; x_wconf 90' lang='lat' dir='ltr'><strong>pene</strong></span> <span class='ocrx_word' id='word_1_241' title='bbox 1170 3627 1285 3691; x_wconf 84' lang='lat' dir='ltr'><strong>cunctis</strong></span> <span class='ocrx_word' id='word_1_242' title='bbox 1307 3629 1428 3711; x_wconf 88' lang='lat' dir='ltr'><strong>propiu-</strong></span> 
     </span>
     <span class='ocr_line' id='line_1_31' title="bbox 329 3722 1428 3813; baseline 0.008 -30"><span class='ocrx_word' id='word_1_243' title='bbox 329 3722 405 3805; x_wconf 85' lang='lat' dir='ltr'><strong>qur&#39;s,</strong></span> <span class='ocrx_word' id='word_1_244' title='bbox 428 3730 459 3785; x_wconf 90' lang='lat' dir='ltr'><strong>et</strong></span> <span class='ocrx_word' id='word_1_245' title='bbox 480 3722 621 3787; x_wconf 88' lang='lat' dir='ltr'><strong>Lucretio</strong></span> <span class='ocrx_word' id='word_1_246' title='bbox 643 3730 740 3807; x_wconf 88' lang='lat' dir='ltr'><strong>poeta,</strong></span> <span class='ocrx_word' id='word_1_247' title='bbox 764 3733 794 3787; x_wconf 90' lang='lat' dir='ltr'><strong>et</strong></span> <span class='ocrx_word' id='word_1_248' title='bbox 818 3726 939 3803; x_wconf 85' lang='lat' dir='ltr'><strong>Seneca,</strong></span> <span class='ocrx_word' id='word_1_249' title='bbox 973 3734 1003 3789; x_wconf 89' lang='lat' dir='ltr'><strong>et</strong></span> <span class='ocrx_word' id='word_1_250' title='bbox 1026 3726 1099 3790; x_wconf 89' lang='lat' dir='ltr'><strong>urbe</strong></span> <span class='ocrx_word' id='word_1_251' title='bbox 1119 3728 1250 3805; x_wconf 85' lang='lat' dir='ltr'><strong>incensa,</strong></span> <span class='ocrx_word' id='word_1_252' title='bbox 1273 3751 1305 3792; x_wconf 88' lang='lat' dir='ltr'><strong>se</strong></span> <span class='ocrx_word' id='word_1_253' title='bbox 1328 3729 1428 3813; x_wconf 86' lang='lat' dir='ltr'><strong>ipsum</strong></span> 
     </span>
     <span class='ocr_line' id='line_1_32' title="bbox 325 3823 1429 3916; baseline 0.01 -32"><span class='ocrx_word' id='word_1_254' title='bbox 325 3843 405 3885; x_wconf 87' lang='lat' dir='ltr'><strong>anno</strong></span> <span class='ocrx_word' id='word_1_255' title='bbox 437 3823 586 3887; x_wconf 86' lang='lat' dir='ltr'><strong>XXXIlo</strong></span> <span class='ocrx_word' id='word_1_256' title='bbox 617 3826 686 3888; x_wconf 85' lang='lat' dir='ltr'><strong>vitae</strong></span> <span class='ocrx_word' id='word_1_257' title='bbox 719 3848 781 3889; x_wconf 81' lang='lat' dir='ltr'><strong>suae</strong></span> <span class='ocrx_word' id='word_1_258' title='bbox 802 3828 937 3910; x_wconf 84' lang='lat' dir='ltr'><strong>peremit.</strong></span> <span class='ocrx_word' id='word_1_259' title='bbox 981 3828 1021 3892; x_wconf 91' lang='lat' dir='ltr'><strong>In</strong></span> <span class='ocrx_word' id='word_1_260' title='bbox 1052 3829 1138 3913; x_wconf 87' lang='lat' dir='ltr'><strong>cujus</strong></span> <span class='ocrx_word' id='word_1_261' title='bbox 1173 3837 1268 3895; x_wconf 84' lang='lat' dir='ltr'><strong>morte</strong></span> <span class='ocrx_word' id='word_1_262' title='bbox 1299 3832 1429 3916; x_wconf 79' lang='lat' dir='ltr'><strong>populus</strong></span> 
     </span>
     <span class='ocr_line' id='line_1_33' title="bbox 328 3925 1429 4013; baseline 0.007 -26"><span class='ocrx_word' id='word_1_263' title='bbox 328 3925 416 4009; x_wconf 88' lang='lat' dir='ltr'><strong>pileis</strong></span> <span class='ocrx_word' id='word_1_264' title='bbox 451 3926 596 4002; x_wconf 89' lang='lat' dir='ltr'><strong>induitur,</strong></span> <span class='ocrx_word' id='word_1_265' title='bbox 641 3948 675 3990; x_wconf 86' lang='lat' dir='ltr'><strong>ac</strong></span> <span class='ocrx_word' id='word_1_266' title='bbox 712 3927 737 3989; x_wconf 88' lang='lat' dir='ltr'><strong>si</strong></span> <span class='ocrx_word' id='word_1_267' title='bbox 772 3928 882 3991; x_wconf 86' lang='lat' dir='ltr'><strong>crudeli</strong></span> <span class='ocrx_word' id='word_1_268' title='bbox 916 3929 1072 4013; x_wconf 86' lang='lat' dir='ltr'><strong>ademptus</strong></span> <span class='ocrx_word' id='word_1_269' title='bbox 1111 3931 1256 3995; x_wconf 87' lang='lat' dir='ltr'><strong>dominic.</strong></span> <span class='ocrx_word' id='word_1_270' title='bbox 1337 3932 1429 3997; x_wconf 88' lang='lat' dir='ltr'><strong>Multi</strong></span> 
     </span>
     <span class='ocr_line' id='line_1_34' title="bbox 328 4027 1428 4119; baseline 0.009 -30"><span class='ocrx_word' id='word_1_271' title='bbox 328 4034 439 4103; x_wconf 86' lang='lat' dir='ltr'><strong>tamen,</strong></span> <span class='ocrx_word' id='word_1_272' title='bbox 463 4036 497 4091; x_wconf 89' lang='lat' dir='ltr'><strong>ut</strong></span> <span class='ocrx_word' id='word_1_273' title='bbox 526 4027 654 4112; x_wconf 81' lang='lat' dir='ltr'><strong>Haymo,</strong></span> <span class='ocrx_word' id='word_1_274' title='bbox 678 4035 709 4091; x_wconf 85' lang='lat' dir='ltr'><strong>et</strong></span> <span class='ocrx_word' id='word_1_275' title='bbox 731 4029 896 4108; x_wconf 70' lang='lat' dir='ltr'><strong>«Iuvenalis,</strong></span> <span class='ocrx_word' id='word_1_276' title='bbox 919 4032 1025 4109; x_wconf 86' lang='lat' dir='ltr'><strong>etalii,</strong></span> <span class='ocrx_word' id='word_1_277' title='bbox 1041 4033 1126 4097; x_wconf 84' lang='lat' dir='ltr'><strong>aliter</strong></span> <span class='ocrx_word' id='word_1_278' title='bbox 1147 4040 1176 4097; x_wconf 89' lang='lat' dir='ltr'><strong>et</strong></span> <span class='ocrx_word' id='word_1_279' title='bbox 1200 4032 1284 4097; x_wconf 87' lang='lat' dir='ltr'><strong>aliter</strong></span> <span class='ocrx_word' id='word_1_280' title='bbox 1306 4035 1343 4099; x_wconf 90' lang='lat' dir='ltr'><strong>de</strong></span> <span class='ocrx_word' id='word_1_281' title='bbox 1364 4037 1428 4119; x_wconf 88' lang='lat' dir='ltr'><strong>ejus</strong></span> 
     </span>
     <span class='ocr_line' id='line_1_35' title="bbox 330 4132 1428 4221; baseline 0.005 -27"><span class='ocrx_word' id='word_1_282' title='bbox 330 4139 425 4195; x_wconf 80' lang='lat' dir='ltr'><strong>morte</strong></span> <span class='ocrx_word' id='word_1_283' title='bbox 436 4133 582 4196; x_wconf 86' lang='lat' dir='ltr'><strong>sentiunt.</strong></span> <span class='ocrx_word' id='word_1_284' title='bbox 626 4132 747 4196; x_wconf 87' lang='lat' dir='ltr'><strong>Clarent</strong></span> <span class='ocrx_word' id='word_1_285' title='bbox 762 4132 782 4196; x_wconf 83' lang='lat' dir='ltr'><strong>J</strong></span> <span class='ocrx_word' id='word_1_286' title='bbox 785 4135 916 4199; x_wconf 85' lang='lat' dir='ltr'><strong>uvenalis</strong></span> <span class='ocrx_word' id='word_1_287' title='bbox 931 4136 1074 4221; x_wconf 86' lang='lat' dir='ltr'><strong>satyricus</strong></span> <span class='ocrx_word' id='word_1_288' title='bbox 1089 4142 1119 4200; x_wconf 89' lang='lat' dir='ltr'><strong>et</strong></span> <span class='ocrx_word' id='word_1_289' title='bbox 1142 4136 1323 4201; x_wconf 81' lang='lat' dir='ltr'><strong>Plutarchus</strong></span> <span class='ocrx_word' id='word_1_290' title='bbox 1338 4137 1428 4202; x_wconf 85' lang='lat' dir='ltr'><strong>histo-</strong></span> 
     </span>
    </p>
   </div>
   <div class='ocr_carea' id='block_1_6' title="bbox 0 0 1526 5134">
    <p class='ocr_par' dir='ltr' id='par_1_6' title="bbox 0 0 1526 5134">
     <span class='ocr_line' id='line_1_36' title="bbox 0 0 1526 5134; baseline 0 0"><span class='ocrx_word' id='word_1_291' title='bbox 0 0 1526 5134; x_wconf 95' lang='lat' dir='ltr'><strong> </strong></span> 
     </span>
    </p>
   </div>
  </div>
 </body>
</html>
