3042 5134
326 498 370 561 88
717 482 866 561 'Itanum
887 495 991 562 Nratr

320 665 408 733 sarda
428 664 560 745 delituit,
574 670 679 751 pastus
698 664 733 729 in
753 662 875 731 latebris
896 687 915 730 a
935 664 1059 730 muliere
1080 666 1220 751 quadam,
1243 670 1306 752 uhi,
1331 694 1427 759 quum

319 768 385 853 oapi
400 766 909 853 deberet,aulugitad(lonstantem
919 766 1038 833 tratrem
1048 768 1227 838 Constantii.
1273 775 1425 863 Receptus

316 871 412 957 igitur
426 871 601 949 honorifice,
611 870 752 950 obtinuit,
766 877 801 936 nt
815 870 963 937 Constans
977 871 1017 937 ad
1029 871 1150 938 fratrem
1165 896 1255 941 suum
1271 878 1424 960 scriberet,

314 980 462 1059 quatenus
473 973 671 1039 Athanasium
685 973 853 1039 restitueret
861 1000 872 1053 ι
887 972 959 1039 alias
974 975 1053 1039 enim
1067 975 1132 1061 ipse
1145 1000 1214 1042 eum
1226 980 1424 1047 restituturus

315 1084 388 1156 erat,
404 1076 533 1162 sumptis
547 1077 644 1161 paenis
658 1075 696 1143 ab
710 1076 885 1141 adversariis
905 1077 979 1162 ejus.
1023 1077 1143 1143 'limena
1166 1081 1262 1165 igitur
1275 1084 1424 1150 consuo

314 1180 386 1259 tius,
409 1180 539 1246 restituit
567 1179 776 1258 Athanasium,
799 1179 882 1265 prius
911 1185 1012 1243 tamen
1040 1182 1171 1265 expetito
1199 1183 1236 1247 ab
1269 1208 1314 1264 eo,
1340 1188 1423 1272 quod

312 1283 432 1349 Arriani
460 1282 542 1370 apud
570 1282 781 1349 Alexandriam
809 1281 931 1345 seorsim
959 1280 1067 1346 habere
1103 1293 1226 1367 possent
1255 1287 1420 1353 ecelesiam.

312 1384 405 1460 Quod
426 1386 472 1453 vir
496 1394 617 1452 sanetus
637 1386 694 1451 snb
714 1384 887 1450 conditione
909 1386 1064 1464 concessit,
1080 1385 1105 1451 si
1126 1386 1420 1475 Constantinopolim

313 1488 437 1554 seomim
465 1487 573 1555 habere
601 1494 724 1574 possent
744 1487 909 1566 ecclesiam,
933 1488 985 1572 qui
1006 1488 1141 1553 Arrianis
1171 1491 1270 1556 lisvere
1293 1493 1419 1559 nollent.

311 1590 404 1663 Quod
417 1593 489 1657 lieet
502 1614 623 1679 aequum
637 1591 788 1658 videretur
802 1592 989 1677 Imperatori,
1000 1614 1062 1655 non
1077 1598 1176 1657 tamen
1191 1600 1237 1657 est
1251 1594 1417 1662 ulmissum

314 1693 353 1759 ah
367 1694 525 1760 hereticis.

353 1796 478 1861 Mortuo
492 1819 562 1863 vero
577 1796 697 1863 demum
712 1797 887 1869 Constante,
902 1818 955 1882 per
968 1796 1182 1881 Magnentium
1196 1805 1299 1864 tamen
1313 1802 1418 1866 statim

307 1899 417 1966 iterato
432 1902 624 1986 persequutio
646 1910 711 1967 orta
725 1907 772 1967 est
795 1902 828 1965 in
842 1900 1050 1966 Athanasium.
1095 1900 1137 1963 Et
1158 1923 1251 1986 quum
1266 1902 1416 1968 Constan-

303 2002 366 2069 tius
380 2002 559 2069 vindicasset
567 2005 693 2073 tratrem
716 2027 816 2083 suum,
832 2004 933 2068 statim
954 2001 1075 2088 publice
1090 2004 1300 2088 pronunciavit
1313 2028 1414 2091 perse·

305 2105 459 2191 quendum
481 2108 698 2188 Athanasium,
719 2108 804 2193 prius
839 2113 940 2171 tarum
968 2105 1094 2171 concilio
1116 2112 1290 2185 convocato,
1315 2115 1347 2173 et
1375 2132 1412 2173 eo

302 2208 519 2291 condemnato;
543 2212 593 2277 cui
607 2211 849 2277 condemnationi
879 2209 930 2295 qui
957 2209 1142 2294 acquiescere
1172 2209 1347 2290 noluerunt,
1377 2213 1410 2277 in

304 2310 425 2378 exilium
456 2312 572 2380 detrusi
594 2323 676 2380 aunt.

349 2420 450 2507 Igitur
465 2421 615 2503 Liberius,
631 2422 684 2507 qni
698 2420 841 2487 successit
857 2418 950 2497 Julio,
966 2440 1020 2503 pro
1035 2416 1095 2481 lide
1110 2416 1220 2482 Nioeni
1234 2417 1362 2483 Consilii
1378 2420 1411 2484 in
1515 2466 1516 2517 l

299 2521 449 2589 'liberium
462 2524 596 2590 'l'hraaioe
610 2525 757 2609 relegatus
781 2530 835 2602 est,
852 2529 882 2587 et
902 2520 986 2586 Felix
1001 2520 1143 2585 diaconus
1158 2519 1341 2587 substitutus
1362 2530 1408 2588 est
1515 2528 1516 2543 ³

299 2624 337 2703 ei,
352 2625 405 2710 qui
422 2631 524 2691 tamen
545 2627 692 2691 Nioenam
713 2626 805 2691 fidem
826 2626 1003 2689 inconcusse
1025 2622 1162 2701 servavit,
1192 2645 1287 2707 quum
1313 2648 1408 2691 sacer-

301 2724 387 2791 dotes
407 2726 554 2813 quosdam
577 2730 727 2806 Arrianos,
749 2728 908 2794 familiares
929 2724 1138 2803 Constantino,
1161 2748 1179 2789 a
1200 2727 1328 2792 concilio
1350 2752 1405 2793 suo

299 2828 415 2914 expulit
428 2836 460 2895 et
474 2831 748 2897 excommunicavit.
795 2829 885 2895 Unde
901 2834 1005 2914 postes
1019 2825 1157 2890 Liberius
1178 2836 1332 2893 revocatus
1348 2838 1406 2909 est,

298 2929 474 3017 imperatore
488 2932 663 3019 indignante
676 2933 790 2999 iactum
807 2932 922 2999 Felicis.
967 2927 1107 2995 Liberius
1126 2951 1195 2993 vero
1210 2931 1274 2996 sine
1289 2932 1403 2998 discre-

299 3032 382 3100 tione
397 3035 581 3123 quibuslibet
599 3037 841 3102 communicavit.
885 3035 977 3100 Faata
992 3042 1037 3097 est
1052 3032 1145 3117 igitur
1158 3037 1349 3118 persequutio
1366 3036 1404 3102 ab

298 3136 434 3204 Amissis
448 3140 522 3205 adeo
535 3140 644 3225 gravis,
659 3146 695 3205 ut
706 3140 794 3205 etiam
811 3140 842 3203 in
852 3135 993 3212 ecclesiis,
1006 3133 1125 3199 Liberio
1140 3156 1201 3199 non
1216 3138 1404 3221 prohibente,

298 3238 445 3307 Catholici
460 3250 643 3309 necarentur,
687 3244 799 3307 Passus
814 3247 860 3306 est
875 3241 976 3324 itaque
992 3238 1091 3301 &mae
1106 3244 1216 3324 martyr
1230 3240 1383 3306 Eusebius
1394 3268 1403 3321 ;
1516 3258 1517 3269 ²

298 3348 329 3405 et
344 3343 429 3408 Felix
451 3347 563 3430 papali
581 3345 651 3409 sede
673 3345 818 3430 privatus,
835 3349 865 3408 et
885 3342 934 3407 alii
962 3338 1048 3405 multi
1065 3338 1181 3404 afflicti.
1227 3341 1400 3430 Hierosoly·

300 3442 357 3507 mis
378 3444 505 3529 Cyrillus
527 3453 596 3531 post
617 3446 807 3526 Maximum,
828 3446 860 3509 in
882 3440 1063 3509 Alexandria
1085 3440 1242 3526 Georgius,
1259 3452 1290 3509 et
1308 3448 1403 3513 multi

297 3544 346 3609 alii
361 3544 482 3612 haretici
503 3547 536 3611 in
557 3548 621 3612 aliis
641 3548 773 3613 ecelesiis
784 3577 794 3628 ;
817 3546 963 3633 italquod
985 3545 1065 3608 iacta
1085 3550 1131 3607 est
1149 3545 1238 3612 iacies
1254 3549 1397 3617 Ecclesia

296 3644 376 3711 ioeda
392 3646 504 3725 nimis,
527 3655 558 3712 et
572 3648 682 3735 ubique
696 3652 842 3717 Catholici
857 3652 1100 3735 deprimerentur.

339 3748 437 3815 Scissa
451 3773 520 3816 vero
540 3750 661 3817 demum
676 3754 794 3819 haeresis
809 3756 841 3819 in
863 3762 923 3820 tres
938 3760 1056 3839 partem
1080 3743 1113 3824 in
1128 3756 1396 3839 Eunominianos,ll

329 4038 350 4100 1
369 4039 471 4111 Fenus]
485 4040 502 4094 i.
515 4058 539 4095 a.
555 4040 631 4093 Felix
643 4041 688 4093 the
700 4040 771 4104 Aah,
787 4041 832 4095 the
844 4042 979 4113 antipapa.
1382 4110 1389 4116 ἢ

331 4130 342 4189 ΙΙ
364 4126 592 4197 Eonouuussos]
612 4145 642 4180 so
662 4125 761 4181 named
779 4127 847 4179 from
867 4126 1014 4181 Eunomius
1033 4129 1102 4182 their
1120 4132 1244 4199 founder,
1262 4132 1322 4185 who
1342 4150 1398 4185 was

291 4210 386 4283 bisbop
399 4212 430 4267 ol
437 4212 573 4286 Cynicum,
589 4212 643 4268 aud
655 4231 671 4267 a
683 4221 754 4268 stout
767 4212 895 4268 defendet
906 4215 933 4267 ol
945 4214 990 4269 the
1004 4215 1088 4271 Arian
1102 4217 1204 4289 beresy.
1325 4240 1327 4243 ·
